4350 6442
613 1170 677 1233 252
769 1183 882 1233 norm.
905 1183 977 1233 aun
1001 1186 1118 1235 arnna
1141 1186 1345 1236 msromcu„
1368 1187 1515 1237 numana

656 1358 726 1423 Nos
752 1364 865 1423 autem
892 1358 1077 1424 Edwardus
1104 1359 1254 1445 praedieti
1275 1360 1402 1426 domini
1421 1360 1508 1448 regis
1533 1359 1671 1448 Angliae

611 1460 856 1548 primogenitus,
874 1460 1039 1526 Henrieus
1062 1462 1150 1527 filius
1177 1461 1311 1527 Ricardi
1337 1462 1424 1549 regis
1447 1462 1670 1539 Alemanniae,

611 1562 759 1649 Rogerus
788 1563 820 1628 le
851 1562 957 1649 Bigod
1002 1586 1108 1629 comes
1147 1564 1346 1630 Norsolohiae
1384 1571 1419 1630 et
1456 1565 1671 1631 marescallus

609 1664 749 1751 anglia,
765 1666 788 1731 J
790 1665 934 1730 ohannes
961 1666 1001 1731 de
1025 1666 1202 1746 warenna,
1228 1667 1415 1731 Willelmus
1438 1666 1479 1732 de
1496 1666 1669 1746 valencia,

610 1767 807 1832 Humfridus
845 1768 886 1831 de
925 1767 1041 1832 Bohun
1072 1790 1179 1832 eomes
1210 1767 1415 1834 Heresordiae
1444 1774 1480 1834 et
1507 1767 1668 1849 Rssexim

610 1869 709 1956 Hugo
725 1869 754 1934 le
777 1868 894 1956 Bigod,
910 1870 1082 1955 Philippus
1099 1869 1224 1949 Basset‚
1241 1871 1264 1936 J
1267 1871 1412 1936 ohannes
1429 1870 1535 1936 Filius
1552 1871 1667 1949 Alani,

609 1970 774 2037 Robertus
798 1973 839 2036 de
867 1970 960 2046 Brus,
978 1971 1124 2058 Rogeius
1151 1973 1192 2037 de
1215 1973 1350 2038 Mortuo
1379 1973 1474 2052 Muri,
1489 1972 1667 2038 Johanna

606 2075 646 2139 do
673 2074 817 2154 verdun,
841 2074 1025 2139 Willolmus
1049 2075 1089 2143 ds
1113 2076 1242 2154 Brause,
1267 2076 1439 2141 Johannes
1465 2077 1505 2141 do
1532 2076 1665 2157 Bailiol,

608 2176 770 2241 Honricus
798 2177 838 2241 de
863 2177 977 2262 Percy,
1011 2177 1214 2264 Reginaldus
1245 2178 1352 2244 Filius
1384 2178 1484 2257 Petn',
1515 2178 1665 2244 Jacobus

606 2280 646 2343 do
671 2279 872 2363 Alditheley,
900 2278 1027 2343 Alanus
1054 2279 1086 2342 lo
1114 2280 1231 2356 Zuohe,
1259 2280 1408 2366 Rogerus
1438 2280 1479 2344 do
1511 2280 1664 2359 clifford,

607 2381 717 2445 Homo
748 2381 946 2461 ExtraneuS,
976 2381 1147 2446 Johannes
1178 2383 1219 2445 do
1244 2382 1342 2467 Grey,
1368 2382 1542 2469 Philippus
1575 2383 1663 2447 Mar-

605 2484 704 2559 mian,
722 2483 886 2548 Robortus
910 2483 951 2548 de
967 2484 1000 2547 N
1002 2483 1090 2562 eviii,
1105 2483 1129 2547 J
1131 2484 1278 2548 ohannes
1299 2485 1339 2549 de
1356 2483 1518 2564 Vallibus,
1534 2485 1557 2549 J
1560 2484 1664 2550 ohnn-

606 2607 663 2649 nes
687 2585 727 2650 de
752 2585 947 2672 Musoegros,
977 2587 1133 2653 Warinus
1158 2586 1198 2651 de
1221 2586 1461 2674 Basingburne‚
1486 2588 1597 2652 Adam
1623 2588 1665 2654 de

607 2688 813 2766 Gesemuthe,
826 2688 975 2774 Rogerus
984 2688 1026 2753 (le
1038 2689 1186 2774 Somery,
1201 2689 1363 2754 Ricardus
1376 2689 1404 2753 F
1405 2689 1497 2768 oliot,
1511 2690 1666 2777 Rogerus

584 2780 646 2854 'de
678 2790 842 2876 Leyburn,
873 2798 907 2856 ot
938 2790 1124 2855 Willelmus
1155 2792 1185 2855 le
1208 2792 1367 2878 Latymer
1390 2793 1549 2878 puudicto
1572 2816 1664 2858 aom-

605 2892 762 2979 promisso
779 2914 836 2978 per
859 2893 1053 2979 praedictum
1077 2893 1246 2958 dominum
1262 2901 1413 2958 nostmm
1436 2916 1545 2980 regem
1562 2895 1662 2976 sancto,

603 2995 689 3061 siout
711 2995 905 3082 pradictum
929 3004 987 3073 est,
1012 2997 1255 3076 consentimus;
1278 3003 1313 3061 et
1330 2997 1529 3082 juravimus,
1561 2998 1663 3063 tastis

602 3097 817 3163 sacrosanctis
839 3098 1029 3185 evangeliis,
1052 3099 1142 3185 quod
1173 3099 1329 3185 quiequid
1353 3098 1531 3184 prodictus
1553 3098 1663 3165 domi·

603 3224 665 3266 nus
699 3224 758 3267 rex
782 3201 930 3266 Francia
966 3223 1064 3286 super
1098 3201 1250 3266 omnibus
1277 3201 1445 3286 praedictis
1468 3199 1522 3265 vel
1545 3224 1661 3268 aarum

602 3305 776 3390 aliquibus,
799 3304 839 3367 de
870 3303 939 3368 alto
973 3309 1008 3367 et
1039 3304 1143 3381 basso,
1168 3302 1373 3367 ordinaverit
1403 3302 1457 3366 vel
1491 3306 1660 3375 statuerit.

603 3407 847 3473 observabimus
869 3407 957 3471 bona
980 3405 1067 3485 fide;
1091 3405 1140 3469 ita
1155 3411 1267 3470 tamen
1290 3405 1378 3490 quod
1394 3404 1480 3470 idem
1503 3406 1660 3473 dominus

602 3533 662 3574 uox
685 3509 832 3574 Francia>
856 3508 945 3573 dicat
967 3507 1093 3572 dietum
1116 3531 1211 3572 suum
1235 3529 1331 3594 super
1354 3507 1406 3571 his
1428 3508 1514 3573 eitra
1537 3509 1660 3576 Penta-

602 3618 713 3677 costen
736 3610 885 3697 proximo
908 3611 1065 3689 futuuuu,
1089 3610 1175 3675 sicut
1197 3611 1347 3695 superius
1370 3616 1422 3674 est
1445 3632 1648 3697 expressum.

648 3704 687 3777 in
725 3713 817 3797 cujus
854 3713 902 3777 rei
941 3712 1168 3777 testimonium
1204 3711 1341 3798 pmiato
1376 3711 1508 3797 scripto,
1546 3714 1660 3802 sigillo

603 3816 751 3903 puedicti
783 3815 909 3880 domiui
944 3815 1049 3880 nostri
1085 3816 1171 3899 regis
1210 3815 1341 3901 Angliau
1374 3815 1516 3901 signato,
1546 3816 1658 3904 sigilla

602 3925 716 3985 nostra
737 3918 872 3982 fecimus
894 3917 1024 4005 apponi.

647 4022 772 4087 Datum
807 4020 896 4107 apud
929 4020 1165 4099 windesoram,
1191 4020 1363 4084 Dominica
1397 4019 1547 4106 proxima
1578 4030 1657 4107 post

602 4124 722 4189 fastum
738 4123 773 4187 S.
790 4122 899 4187 Lueiae
915 4121 1071 4207 Virginis,
1089 4144 1176 4185 anno
1193 4121 1328 4185 Domini
1346 4120 1518 4187 millesimo
1533 4122 1657 4189 dumu-

602 4228 719 4293 tesimo
741 4224 941 4311 sexagesimo
964 4224 1070 4288 tertio.

647 4328 853 4395 Confectioni
868 4327 966 4391 istius
982 4326 1196 4390 instrumenti
1211 4326 1435 4391 interfuerunt
1450 4328 1471 4391 J
1477 4327 1652 4417 [ohannes]

601 4432 642 4496 de
667 4429 827 4508 Chishull‚
851 4427 1036 4493 Willelmus
1058 4429 1098 4493 de
1115 4428 1252 4507 wilton,
1269 4429 1371 4493 frater
1392 4428 1425 4494 J.
1442 4430 1482 4493 de
1498 4429 1656 4519 Derling-

602 4538 688 4610 tono,
710 4531 866 4619 magister
890 4531 1055 4595 Ernaldus
1090 4531 1301 4595 tunicellorius
1323 4531 1411 4617 regis
1435 4532 1652 4613 Alamannia,

603 4635 750 4721 Poigoius
773 4634 813 4698 de
838 4632 1060 4707 Misseudeuo,
1084 4639 1118 4697 et
1143 4633 1251 4718 plures
1274 4633 1340 4697 olii.
