4350 6442
603 1187 852 1240 uunsrnsrrvn
873 1187 917 1238 or
940 1187 1010 1237 rur
1033 1187 1142 1238 nunu
1165 1189 1210 1237 or
1233 1188 1355 1239 unser
1379 1190 1428 1238 111.
1500 1177 1538 1238 ll

492 1362 709 1449 Burdegoliae,
742 1363 786 1428 sd
819 1362 967 1450 ejusdem
999 1363 1196 1428 instantiam
1227 1368 1263 1429 et
1296 1363 1545 1450 requisitionem

490 1464 532 1530 ds
553 1464 720 1531 communi
739 1465 930 1552 juratorum
953 1471 987 1531 et
1009 1465 1183 1532 consulum
1205 1466 1340 1531 oonsilio
1363 1473 1398 1531 et
1412 1487 1546 1533 assensu

490 1566 661 1633 liuentiam
682 1567 747 1633 sibi
773 1567 991 1634 concessimus
1013 1567 1226 1655 postulatum,
1248 1570 1451 1635 estimantes
1473 1589 1545 1634 earn

491 1671 535 1734 ad
568 1671 752 1756 profectum
785 1675 821 1736 et
852 1670 1011 1738 honorem
1042 1671 1149 1737 totius
1178 1670 1268 1738 villae
1298 1676 1334 1737 et
1363 1693 1547 1737 eommunae

493 1771 701 1859 Burdegeliae
723 1773 759 1837 in
785 1777 954 1860 posterum
984 1773 1202 1861 profuturam,
1228 1773 1351 1840 dietum
1378 1773 1546 1839 lieentiam

492 1875 571 1940 hino
604 1876 647 1941 ed
680 1875 870 1963 quindecim
901 1897 1004 1944 annos
1030 1878 1209 1964 eompletos
1238 1876 1346 1942 eidem
1381 1876 1547 1943 Bonosuso

493 1982 529 2041 et
550 1977 645 2042 sociis
666 1998 750 2063 quos
771 1977 836 2044 sibi
857 1978 1086 2068 adjungendos
1110 1978 1245 2044 duxerit
1267 1979 1480 2045 eoncedentes
1510 1979 1547 2043 in

493 2078 581 2144 huno
610 2081 765 2145 modum:
801 2081 898 2162 Quod
921 2083 951 2147 ei
987 2086 1023 2148 et
1053 2082 1149 2148 sociis
1179 2082 1247 2146 suis
1277 2082 1375 2147 lioest
1408 2082 1546 2157 evenire,

493 2186 647 2262 textores,
670 2183 820 2261 fullones,
835 2185 1002 2265 tinctores,
1017 2188 1052 2250 et
1075 2185 1216 2249 aliorum
1231 2205 1416 2270 pannorum
1438 2184 1548 2248 laneo·

493 2305 568 2348 rum
601 2286 768 2372 operarios
793 2273 980 2364 'attrahere
1002 2294 1036 2352 et
1068 2289 1172 2352 faeere
1204 2308 1333 2372 pannos
1355 2287 1483 2374 operari
1506 2285 1547 2351 de

493 2386 633 2452 diversis
665 2388 827 2454 coloribus
853 2389 896 2454 sd
918 2389 1054 2454 modum
1079 2388 1342 2466 flandrensium,
1366 2387 1547 2467 Gallorum,

493 2489 564 2554 sive
598 2490 700 2556 etium
732 2491 957 2578 Anglioorum,
982 2495 1017 2556 et
1050 2491 1114 2555 sibi
1147 2490 1252 2556 solum
1275 2514 1314 2557 ao
1344 2490 1438 2557 sociis
1469 2491 1546 2576 ejus.

494 2591 650 2656 Mulieres
688 2597 803 2658 temen
837 2592 998 2678 quaelibet
1036 2591 1145 2658 rerae¹
1171 2598 1328 2679 poterunt
1365 2597 1399 2658 et
1435 2593 1547 2657 lunam

491 2692 596 2759 alins²
618 2716 809 2782 praeparare,
833 2717 894 2760 suo
921 2695 976 2760 vel
1009 2716 1143 2760 suorum
1175 2695 1309 2762 lieentia
1335 2695 1426 2760 nullo
1449 2695 1546 2760 modo

493 2797 661 2882 requisito.
708 2796 872 2864 Praeteree
906 2797 1006 2862 etiam
1037 2798 1254 2863 concessimus
1285 2797 1349 2884 ipsi
1372 2796 1545 2874 Bonufuso,

493 2900 581 2984 quod
612 2901 640 2963 si
671 2898 757 2980 leno,
792 2901 846 2965 vel
878 2900 1031 2978 tinctura,
1068 2901 1123 2965 vel
1157 2900 1259 2986 aliqui
1294 2907 1472 2986 apparatus
1503 2900 1546 2964 sd

494 3001 616 3066 colores
639 3024 825 3088 pannorum
848 3003 904 3067 vel
926 3025 1053 3090 pannos
1068 3003 1234 3068 faciendos
1259 3003 1440 3067 necessaria
1463 3002 1548 3066 Bur-

494 3104 656 3189 degnliam
680 3112 811 3192 portatu
841 3106 964 3171 fuerint
986 3105 1075 3169 infra
1097 3107 1224 3171 dietum
1247 3105 1426 3170 terminum
1450 3105 1547 3189 quin·

496 3206 601 3271 ‹leoim
635 3229 798 3273 annorum
825 3207 1070 3294 completorum,
1093 3209 1184 3273 dioto
1207 3207 1372 3272 Bonosuso
1395 3212 1429 3271 et
1452 3207 1547 3271 sociis

494 3309 565 3393 ejus
587 3313 700 3374 tomen
732 3332 772 3374 ea
801 3311 899 3376 liceat
930 3332 1045 3387 emere,
1067 3310 1117 3374 iu
1151 3310 1240 3394 quod
1273 3309 1347 3372 aliis
1381 3330 1419 3372 ea
1442 3330 1548 3373 emere

494 3433 560 3475 uon
590 3409 717 3497 possit³
739 3411 827 3476 infra
849 3411 1039 3491 terminum,
1064 3409 1128 3476 nisi
1160 3410 1200 3476 de
1234 3432 1296 3475 sue
1328 3410 1382 3475 vel
1414 3432 1547 3475 suorum

496 3513 632 3578 licentia
653 3515 822 3599 requisito„
859 3515 1047 3580 Praesertim
1071 3514 1287 3579 concessimus
1310 3513 1416 3579 eidem
1442 3514 1547 3578 Bona-

495 3615 569 3679 fuso
592 3620 628 3680 et
661 3616 757 3681 sociis
780 3616 848 3680 suis
871 3616 960 3701 quod
986 3615 1153 3701 aliquibus
1175 3615 1304 3702 plureis,
1327 3615 1430 3695 atriis,
1454 3615 1546 3695 litiis,

495 3717 652 3797 eleusim,
692 3716 902 3782 intramurali
941 3722 975 3782 et
1012 3716 1085 3782 aliis
1135 3717 1363 3783 communibus
1400 3717 1548 3784 civitatis

496 3818 704 3905 Burdegaliae
726 3817 917 3905 paduentiis
939 3818 991 3883 uti
1014 3818 1144 3906 possint
1176 3819 1358 3886 liberaliter
1379 3824 1414 3885 et
1437 3820 1548 3907 quiete

495 3920 538 3984 ad
571 3942 699 4007 pannos
732 3920 905 3997 faciendos,
936 3921 1114 4002 siccandos,
1145 3923 1379 4000 extendendos,
1404 3931 1437 3989 et
1467 3922 1548 3987 olias

494 4022 601 4088 modis
623 4022 812 4088 necessariis
827 4024 1065 4110 praeparandos.
1114 4021 1171 4088 Ita
1192 4029 1305 4112 tomen
1328 4024 1416 4110 quod
1431 4024 1548 4089 domus

496 4129 583 4191 lecto
616 4126 685 4191 sive
719 4124 831 4211 aliqua
853 4125 919 4191 aliu
941 4125 1094 4213 longaeva
1115 4124 1353 4213 impedimento
1374 4148 1442 4191 non
1464 4125 1548 4191 fiant

497 4226 532 4291 in
566 4227 646 4294 loeis
680 4227 830 4313 superius
862 4228 1060 4305 memoratis,
1083 4250 1144 4293 neo
1173 4249 1268 4314 uquae
1298 4228 1506 4293 retardentur
1527 4252 1549 4293 a

496 4351 591 4396 cursu
622 4329 677 4396 vol
712 4328 791 4395 alibi
826 4329 1044 4408 divertuntur,
1066 4329 1132 4395 nisi
1164 4329 1234 4397 haeo
1265 4330 1392 4407 fierent,
1415 4330 1444 4395 si
1473 4352 1548 4396 con-

495 4432 647 4520 tingeret,
670 4432 711 4498 de
734 4432 909 4498 voluntate
928 4432 1062 4518 majoris
1084 4436 1119 4497 et
1136 4431 1323 4518 juratorum
1335 4456 1343 4513 ;
1367 4438 1401 4497 et
1423 4433 1485 4500 hoo
1507 4434 1548 4500 de

494 4534 684 4622 peduentiis
717 4538 752 4600 et
787 4534 882 4621 aquis
915 4533 1134 4622 intelligimus
1168 4532 1255 4598 infru
1284 4534 1399 4599 villum
1422 4535 1547 4602 Burde-

494 4635 592 4726 galiae
624 4643 684 4702 sut
718 4636 806 4703 infru
838 4636 1022 4703 bstleuoom
1057 4636 1255 4715 constitutis,
1279 4659 1418 4722 quorum
1451 4637 1547 4725 quin-

530 4952 626 5020 ΗΜ]
640 4951 741 5006 Solis.
1045 4949 1071 5002 in
1090 4951 1133 5004 the
1156 4953 1208 5004 line
1226 4955 1306 5007 above
1325 4971 1417 5022 appear
1435 4964 1462 5010 to
1483 4955 1548 5010 hers

529 5034 539 5062 ¹
551 5032 631 5098 aliur]
645 5033 719 5093 eleas,
730 5031 788 5083 MS.
1046 5032 1110 5082 been
1121 5031 1309 5100 intrrohrnged.

528 5112 641 5178 ’μανίη
672 5112 736 5162 This
763 5111 833 5163 word
860 5111 909 5161 und
928 5108 1001 5161 licoat
