4350 6442
582 1177 647 1248 378
993 1190 1173 1240 Arsinois
1198 1189 1218 1240 1.

580 1361 659 1430 quod
677 1360 864 1432 maritagium
885 1360 961 1416 illud
985 1362 1096 1418 fuctum
1122 1364 1220 1418 lueret
1247 1362 1325 1418 inter
1349 1378 1400 1418 eos
1428 1361 1508 1433 opud
1527 1361 1559 1418 S.
1579 1359 1638 1417 Ed-

580 1444 731 1511 mundum,
752 1446 823 1500 dum
841 1445 920 1500 idem
938 1462 1035 1501 comes
1054 1447 1192 1503 obsessus
1211 1447 1269 1502 fuit
1286 1446 1364 1518 opud
1381 1447 1508 1502 Merton.

615 1530 819 1601 Interrogatus
856 1529 983 1601 qualiter
1018 1530 1165 1586 intellexit
1201 1538 1416 1587 sacramentum
1446 1530 1533 1593 illud,
1565 1528 1640 1584 dicit

581 1613 660 1684 quod
685 1612 818 1669 dominus
846 1631 899 1668 rex
928 1614 971 1670 itu
998 1614 1144 1671 intellexit
1171 1614 1250 1686 quod
1279 1614 1412 1686 quietum
1438 1614 1581 1670 clamaret
1611 1612 1639 1666 ei

581 1698 771 1769 maritagium
797 1697 883 1763 illud,
911 1704 941 1754 et
966 1698 1029 1770 ipse
1061 1699 1199 1756 similiter
1230 1699 1273 1758 itu
1296 1698 1451 1755 intellexit.
1497 1698 1538 1752 Et
1565 1696 1642 1751 dicit

581 1781 659 1851 quod
676 1783 707 1836 in
725 1783 819 1838 formu
836 1782 917 1853 pacis
936 1782 1021 1838 factos
1038 1783 1117 1838 inter
1143 1801 1192 1839 eos
1211 1783 1293 1839 nullo
1310 1784 1388 1839 fecte
1405 1783 1464 1838 fuit
1489 1782 1568 1836 inter
1587 1796 1639 1834 eos

581 1865 732 1920 conventio
762 1865 798 1920 de
826 1865 974 1936 aliquibus
1000 1867 1089 1922 terris
1119 1867 1178 1923 nisi
1203 1867 1239 1921 de
1263 1866 1433 1939 justiciariis
1460 1871 1578 1921 tuntum
1610 1870 1641 1916 et

581 1949 796 2005 constabulario
819 1950 909 2005 castri
928 1949 1074 2016 Dovoriae,
1096 1970 1161 2022 quae
1186 1952 1291 2007 babuit
1315 1951 1353 2006 ud
1370 1951 1463 2007 vitum
1491 1966 1586 2010 suam,
1610 1953 1641 2001 et

581 2051 646 2105 quae
673 2041 775 2105 posteo
797 2034 914 2090 remisit
943 2034 1061 2090 domino
1087 2036 1163 2106 regi.
1202 2035 1242 2091 Et
1271 2035 1405 2091 dominus
1436 2051 1489 2090 rex
1515 2032 1553 2087 sd
1584 2030 1641 2085 hoo

580 2117 732 2189 respondit
761 2118 839 2189 quod
866 2119 1018 2174 conventio
1042 2119 1100 2173 fuit
1126 2119 1205 2174 inter
1230 2136 1280 2174 eos
1307 2119 1344 2174 de
1370 2118 1457 2174 terris
1484 2117 1517 2170 in
1543 2115 1642 2170 forma

580 2202 671 2273 pecie,
692 2208 723 2257 et
739 2201 807 2257 inde
825 2202 953 2258 ostendit
969 2204 1101 2259 rotulum
1120 2202 1320 2267 Oencellarius
1340 2203 1372 2257 in
1393 2220 1451 2272 quo
1470 2199 1641 2256 continetur

581 2287 675 2340 forms
692 2285 847 2358 cujusdam
864 2292 952 2341 cartae
971 2287 1055 2343 footae
1074 2287 1132 2358 ipsi
1150 2287 1260 2342 comiti.
1306 2285 1354 2341 Ad
1379 2285 1458 2357 quod
1475 2301 1576 2339 comes
1595 2299 1640 2337 re·

582 2370 705 2440 spondet
732 2369 811 2442 quod
838 2376 919 2425 carto
939 2369 992 2425 ille
1017 2371 1074 2426 fuit
1102 2371 1130 2424 ei
1155 2370 1330 2425 transmissu
1356 2386 1408 2441 per
1426 2372 1641 2439 praecentorem

581 2453 774 2519 Herefordiae,
807 2454 859 2510 sed
883 2453 979 2509 noluit
1004 2453 1086 2508 illem
1117 2454 1258 2528 recipere.
1306 2453 1345 2510 Et
1374 2468 1472 2509 comes
1499 2449 1641 2508 similiter

581 2537 732 2607 cognoscit
744 2536 823 2608 quod
841 2536 976 2593 dominus
994 2554 1046 2593 rex
1058 2538 1085 2591 ei
1105 2537 1179 2593 dixit
1198 2538 1313 2610 quondo
1332 2537 1403 2593 fecit
1420 2541 1639 2593 sacramentnm

582 2639 669 2676 suum
687 2620 766 2692 quod
783 2638 841 2676 non
863 2621 985 2677 heberet
1009 2623 1136 2692 gratiam
1163 2640 1247 2678 suem
1271 2622 1330 2677 nisi
1348 2621 1525 2693 predictum
1544 2636 1641 2674 saer*

581 2710 713 2761 mentum
727 2704 852 2776 juraret.
890 2705 963 2762 Post
979 2707 1061 2761 venit
1083 2724 1182 2762 comes
1209 2713 1240 2763 et
1265 2707 1353 2778 petiit
1377 2705 1470 2760 olium
1494 2703 1577 2759 diem
1602 2700 1640 2756 nd

582 2789 801 2847 certificandum
819 2807 851 2846 se
869 2790 994 2861 plenius,
1015 2796 1049 2846 ut
1074 2790 1112 2846 ed
1130 2791 1209 2846 diem
1226 2791 1310 2846 illam
1327 2790 1428 2846 veniat
1443 2795 1476 2844 et
1493 2787 1641 2843 deliberet

581 2874 772 2947 marilegium
799 2874 875 2929 illud
900 2875 926 2931 si
951 2875 1061 2946 poterit
1085 2876 1209 2947 precise,
1230 2883 1260 2931 et
1284 2875 1311 2931 si
1335 2893 1393 2930 nou
1411 2872 1532 2945 poterit,
1561 2869 1640 2943 quod

582 2959 637 3014 hoc
671 2959 838 3014 emendabit
873 2959 1034 3014 secundum
1065 2960 1328 3015 considerationem
1359 2958 1474 3029 perium
1504 2973 1639 3012 snorum.

582 3042 654 3098 Dies
679 3042 764 3098 dutus
783 3049 829 3097 ost
854 3042 881 3097 ei
907 3043 985 3114 opud
1003 3043 1183 3098 Londoniem
1210 3043 1241 3097 in
1268 3042 1379 3098 octabis
1399 3041 1429 3096 S.
1451 3039 1589 3102 Hillsrii,
1609 3050 1642 3094 ot

582 3144 678 3183 comes
697 3126 831 3183 concedit
849 3126 927 3197 quod
944 3127 1116 3183 ulteriorem
1133 3145 1190 3182 non
1210 3132 1322 3197 queret
1338 3125 1519 3181 diletionem.
