4350 6442
603 1185 667 1252 274
758 1198 873 1248 uorsa
895 1198 968 1248 sun
991 1199 1107 1247 orum
1130 1193 1336 1247 ursromcsa
1360 1198 1510 1249 narrans

437 1371 727 1450 w¹¹,013lrz111-habeut
748 1374 785 1438 in
807 1373 930 1461 Anglia
951 1395 1019 1438 non
1041 1373 1169 1460 possint
1199 1373 1362 1439 adducere
1393 1375 1430 1439 in
1465 1372 1661 1438 Flandriam

437 1439 572 1555 Ξζὲῑιὲᾙιῗὸ
604 1476 770 1542 commode
807 1483 842 1541 et
880 1497 998 1556 secure,
1037 1476 1298 1542 dominationem
1336 1483 1481 1543 vestram
1520 1475 1664 1542 attentis

604 1578 754 1666 precibus
776 1578 930 1666 deprecor
952 1585 987 1644 et
1008 1579 1148 1665 requiro,
1172 1585 1335 1665 quatenus
1364 1579 1492 1645 intuitu
1517 1577 1663 1665 justitiae

606 1686 641 1747 et
662 1682 801 1748 obtentu
833 1703 966 1768 precum
999 1702 1147 1747 mearum
1176 1680 1294 1766 jubere
1327 1681 1411 1747 velit
1440 1685 1553 1747 vestra
1588 1679 1668 1746 sub·

605 1784 730 1850 limitas
767 1789 802 1850 et
835 1784 940 1849 facere
974 1785 1064 1870 quod
1098 1784 1179 1850 dieti
1213 1789 1418 1862 mercatores,
1450 1804 1526 1851 cum
1558 1803 1665 1870 regno

605 1887 764 1973 praedicto
818 1909 972 1975 prospera
1023 1888 1175 1954 succedet
1223 1887 1458 1974 tranquillitas,
1504 1890 1666 1973 operante

606 1989 759 2070 Domine,
783 1993 823 2054 ut
847 1989 991 2056 affecto¹
1014 2012 1087 2055 cum
1110 1991 1206 2057 bonis
1228 1993 1296 2056 suis
1325 1990 1496 2055 indemnes
1526 1989 1667 2054 valeant

606 2091 648 2156 ad
670 2091 805 2179 propria
826 2114 979 2171 remeare,
1003 2093 1120 2158 scituri
1143 2093 1233 2179 quod
1254 2098 1370 2180 gentes
1391 2092 1486 2180 regni
1508 2090 1668 2179 mdicai

605 2193 641 2258 in
664 2199 752 2259 terra
774 2195 941 2261 Flandriae
965 2216 1038 2260 eum
1061 2196 1158 2261 bonis
1172 2196 1240 2261 suis
1262 2197 1363 2262 salvae
1385 2200 1465 2260 sunt
1478 2194 1609 2281 pariter
1631 2200 1670 2259 et

605 2318 735 2363 securae.
783 2296 940 2364 Ceterum
962 2297 1089 2363 Jacobo
1111 2298 1227 2365 clerieo
1241 2321 1314 2364 meo
1331 2299 1431 2364 latori
1446 2297 1668 2385 praesentium

605 2398 736 2464 credere
757 2400 842 2465 velit
863 2406 975 2465 vestra
997 2400 1155 2468 celsitudo
1177 2402 1269 2490 regia
1291 2423 1389 2488 super
1401 2400 1454 2466 his
1475 2421 1550 2487 quae
1567 2400 1671 2467 vobis

606 2500 730 2566 dixerit
753 2502 793 2567 de
815 2503 997 2589 praemissis

650 2603 778 2668 Datum
800 2627 889 2670 anno
912 2605 1047 2671 Domini
1071 2606 1246 2673 millesimo
1279 2606 1502 2672 ducentesimo
1525 2625 1671 2694 sexage-

606 2707 689 2871 {mo
711 2710 838 2793 quarto,
861 2706 1037 2773 Dominica
1058 2715 1135 2796 post
1157 2709 1415 2776 Deeollationem
1439 2709 1476 2775 B.
1497 2707 1672 2774 Johennis

637 2809 778 2895 aptistae.

1037 3125 1244 3193 noxxvu.
1317 3107 1326 3127 ’

608 3258 764 3326 Vsarous
786 3258 926 3327 Dmms
947 3277 1015 3327 roa
1037 3261 1193 3328 errrrns
1217 3261 1356 3327 Paruur
1378 3277 1422 3326 or
1445 3259 1582 3326 Haunr
1597 3256 1669 3326 ΙΙΙ.

963 3381 1038 3429 run
1059 3382 1131 3429 rsa
1153 3365 1305 3431 Bmoua

923 3487 1047 3552 (Chapter
1058 3488 1145 3540 llouse
1157 3488 1344 3552 Miscellanea.)

1101 3593 1158 3678 (r.)

440 3739 528 3789 About
653 3716 726 3780 Rex
748 3721 782 3781 et
803 3716 942 3782 barones
965 3719 1126 3797 omnibus,
1150 3723 1209 3782 etc.
1258 3716 1343 3782 Cum
1366 3718 1536 3782 internos
1559 3738 1665 3804 super

440 3805 545 3923 Ῠξξξρ
607 3818 783 3903 praeteritis
818 3841 1010 3906 guerrarum
1042 3820 1286 3885 discriminibus
1308 3820 1460 3906 quaedam
1494 3820 1665 3886 ordinatio

438 3963 594 4030 Wcherouy
607 3942 664 3986 seu
697 3920 801 3986 forma
833 3922 922 4007 pacis
954 3922 994 3986 de
1026 3928 1141 3988 nostro
1175 3945 1213 3987 ac
1245 3922 1456 4009 praelatorum
1491 3944 1528 3987 ac
1556 3923 1664 3987 trtius

439 4046 513 4095 agree
524 4042 551 4083 t⁰
607 4028 853 4094 communitatis
868 4028 961 4117 regni
977 4030 1110 4117 Angliae
1126 4028 1276 4094 unanimi
1291 4030 1465 4096 voluntate
1478 4033 1514 4093 et
1528 4050 1665 4095 assensu

438 4101 586 4217 ffifflffffl
606 4131 657 4195 his
695 4132 809 4197 diebus
843 4132 981 4219 provida
1019 4132 1256 4198 deliberatione
1294 4134 1379 4198 inita
1412 4132 1522 4212 fuerit,
1561 4154 1663 4218 quam

437 4230 560 4349 ffigffiof
606 4235 723 4321 utique
747 4236 817 4301 Deo
840 4242 1006 4322 acceptam
1029 4241 1064 4301 et
1085 4237 1181 4302 nobis
1204 4259 1242 4302 ae
1264 4258 1366 4324 regno
1389 4233 1475 4322 ipsi³
1498 4234 1664 4301 credimus

438 4364 585 4416 conanu-
606 4343 845 4426 opportunam3
868 4338 946 4424 quia
968 4345 1080 4404 tamen
1114 4338 1219 4424 aliqui
1242 4338 1320 4404 facti
1343 4340 1520 4404 veritatem
1552 4338 1665 4404 minus

438 4430 564 4484 bitrators.
605 4441 700 4526 plene
737 4440 970 4528 intelligentes,
1021 4441 1264 4506 ordinationem
1321 4442 1426 4528 ipsam
1470 4461 1529 4507 eeu
1572 4442 1665 4528 pacis

605 4542 743 4609 formam
765 4545 875 4609 minus
896 4544 1111 4610 sufficientem
1142 4548 1331 4621 asserentes,
1353 4542 1552 4630 quibusdam
1582 4544 1666 4609 urti-

605 4646 686 4711 culis
717 4647 753 4710 in
787 4646 901 4712 eudem
935 4647 1079 4728 insertis,
1112 4652 1211 4734 prout
1245 4647 1376 4726 dicitur,
1408 4645 1556 4713 contenti
1594 4667 1665 4712 non

1158 4875 1228 4921 126⁴.
1247 4868 1661 4936 &mandanarum

637 4945 745 4997 ²'1'hese
768 4962 859 5012 appear
882 4958 908 4999 to
932 4949 1033 5002 contain
1062 4950 1104 4999 the
1154 4966 1179 5014 p.
1192 4955 1249 5002 210.

602 5024 657 5073 first
675 5027 853 5090 proposalsfor
870 5028 914 5077 the
932 5028 1100 5094 negotiatione
1188 5030 1274 5096 luber]
1294 5030 1371 5079 noer
1381 5028 1432 5079 this
1444 5027 1501 5080 MS.
1516 5028 1563 5079 hus
1582 5026 1661 5079 stila

602 5102 687 5154 which
709 5119 774 5157 were
796 5106 893 5157 carried
916 5117 959 5158 out
989 5108 1016 5158 in
1035 5108 1104 5173 Sept.
1152 5112 1246 5161 erased
