4350 6442
605 1202 668 1266 230
759 1214 874 1266 nomn
894 1216 967 1265 nm
990 1217 1104 1267 oman
1127 1216 1333 1267 mammem
1355 1218 1501 1271 ιιτιιιιε

603 1413 663 1477 pro
686 1411 750 1476 quo
772 1391 859 1455 lutor
882 1393 1094 1477 praesentium
1117 1391 1159 1456 ad
1183 1392 1351 1458 dominum
1376 1416 1483 1482 regom
1516 1402 1552 1462 et
1577 1398 1665 1485 regi·

604 1515 680 1557 nam
703 1494 836 1573 aceedit,
860 1493 949 1580 quod
982 1494 1114 1579 quidem
1149 1494 1338 1560 omnimoda
1367 1498 1536 1563 eeleritate
1573 1499 1662 1566 dai-

603 1594 706 1673 derat,
729 1596 757 1659 si
787 1595 902 1682 placet,
927 1601 1090 1681 quantum
1124 1596 1159 1661 in
1193 1597 1288 1662 vobis
1322 1605 1373 1664 ost
1405 1600 1596 1687 expediatis
1627 1612 1662 1669 et

601 1697 781 1783 procuretis
802 1698 957 1785 expediri.

647 1801 772 1865 Datum
795 1800 949 1875 Parisino,
972 1802 1026 1867 die
1052 1802 1226 1867 Dominica
1255 1808 1333 1868 ante
1354 1804 1474 1871 festum
1499 1806 1662 1875 Purifica-

601 1902 703 1967 tionis
726 1904 763 1968 Β.
787 1902 902 1968 Mariae
925 1903 1079 1990 Virginis,

645 2006 821 2073 [valorem.
866 2006 1009 2071 Domino
1031 2030 1091 2072 suo
1115 2007 1164 2073 W.
1188 2008 1229 2074 de
1253 2008 1392 2076 Meton.

907 2307 1340 2317 -------.----.

1045 2548 1208 2616 DXCIII.

666 2706 797 2772 Hunni
821 2701 887 2766 III.
911 2717 955 2766 uo
978 2700 1164 2766 Humum
1189 2717 1235 2764 nn
1258 2700 1397 2784 Bonus,
1422 2704 1519 2771 Enna
1542 2724 1589 2774 οι

1019 2802 1224 2869 Hnnmonn.

796 2956 867 3017 (Rot.
879 2954 962 3006 Claus.
975 2958 1006 3005 ⁴7
1019 2954 1085 3004 Heu.
1099 2953 1156 3013 111,
1167 2953 1258 3004 memb.
1273 2959 1302 3003 lu
1315 2955 1340 3004 in
1353 2957 1447 3021 dorso.)

430 3103 492 3156 nes,
504 3111 525 3164 1,
641 3084 714 3149 Rex
730 3081 909 3148 Humsrido
932 3082 972 3146 de
990 3079 1120 3156 Bohun,
1135 3080 1249 3144 comiti
1266 3079 1479 3157 Herefordiae‚
1496 3084 1650 3153 salutem.

433 3176 503 3222 ¹²⁶³
640 3186 727 3268 Quia
759 3192 894 3273 propter
926 3182 1122 3248 instantiam
1155 3183 1313 3269 temporis
1344 3185 1650 3272 quadragesimalis,

427 3263 540 3395 fflyff
593 3295 628 3355 ot
650 3290 714 3355 alia
736 3288 971 3404 impedimenta
992 3306 1068 3371 quae
1090 3283 1229 3365 habetis,
1245 3307 1313 3349 non
1335 3287 1472 3372 potestis
1487 3294 1649 3376 tanquam

427 3398 532 3447 ordered
543 3407 570 3448 to
593 3393 783 3480 capitaneus
799 3391 884 3455 eima
898 3387 1068 3473 negotium
1084 3385 1215 3451 Walliae
1238 3385 1397 3465 laborare,
1413 3388 1649 3476 deputavimus

425 3464 558 3583 ffiissgd
593 3496 748 3561 dilectum
780 3498 814 3558 et
844 3490 974 3556 fidelem
1004 3493 1156 3553 nostrum
1190 3488 1212 3552 J
1215 3489 1377 3554 ohannem
1409 3491 1450 3556 de
1483 3492 1573 3580 Grey
1602 3497 1648 3563 nd

424 3597 580 3665 osthearmy
593 3598 653 3663 hoe
675 3597 870 3674 faciendum,
893 3593 963 3658 loeo
985 3590 1097 3667 vestri,
1119 3590 1169 3655 ita
1191 3591 1279 3676 quod
1309 3593 1372 3657 erit
1401 3594 1445 3658 ad
1467 3616 1527 3659 uos
1556 3600 1647 3684 apud

425 3663 549 3795 iffi?
593 3699 818 3764 Herefordiam
854 3696 908 3761 die
931 3695 1033 3759 Lunae
1066 3698 1142 3778 post
1166 3693 1430 3759 Purifieationem
1459 3696 1494 3762 R
1520 3698 1646 3779 Maria,

423 3796 500 3861 place.
592 3801 684 3866 v'el
675 3823 711 3865 m
740 3799 882 3865 onustino
912 3794 1117 3883 tempestive,
1148 3816 1217 3858 una
1247 3816 1321 3859 eum
1353 3797 1496 3881 quodam
1527 3800 1646 3869 elerico

591 3926 688 3991 quem
713 3903 790 3967 illuc
812 3902 984 3966 mittemus
1006 3919 1080 3963 cum
1104 3897 1243 3983 pecunia
1257 3898 1300 3962 ad
1316 3898 1483 3985 stipendia
1497 3903 1644 3971 militnm

591 4014 626 4073 et
647 4004 861 4072 servientium
887 4000 1054 4079 solvenda,
1078 3999 1197 4064 dum
1188 4021 1224 4063 ιιι
1253 4000 1404 4087 partibus
1426 4002 1493 4069 illis
1519 4005 1645 4076 fuerint

590 4132 649 4197 pm
672 4108 803 4196 negotio
825 4105 991 4193 praedicto,
1014 4104 1101 4168 sieut
1122 4102 1253 4188 passati
1276 4102 1445 4169 Johanna
1459 4111 1494 4171 et
1508 4108 1645 4177 clericus

589 4213 684 4279 vobis
714 4210 843 4299 plenius
873 4211 1030 4294 poterunt
1060 4205 1221 4269 intimare.
1284 4206 1439 4271 Ceterum
1477 4211 1645 4283 mittimus

589 4316 632 4381 ad
655 4338 714 4380 vos
736 4336 794 4402 per
816 4311 955 4378 eundem
970 4309 993 4374 J
995 4309 1159 4373 ohannem
1172 4311 1305 4371 eentum
1328 4330 1462 4385 marcas,
1476 4311 1520 4375 ad
1535 4321 1644 4381 eastra

590 4417 723 4483 Ricardi
745 4415 911 4503 qnondam
934 4410 1064 4476 comitis
1086 4408 1301 4474 Gloneestn'zo
1331 4409 1367 4474 in
1398 4412 1542 4479 marchia
1565 4417 1644 4484 inde

589 4520 768 4585 munienda
805 4523 839 4583 et
870 4512 1101 4586 oonaervanda,
1134 4520 1168 4576 et
1202 4532 1276 4596 qum
1314 4519 1393 4577 sunt
1427 4516 1462 4581 in
1493 4520 1643 4586 custumiis

587 4628 707 4687 vestra.
1664 4698 1671 4711 Ι

632 4725 730 4790 Teste
760 4744 834 4809 rege
867 4720 955 4807 apud
979 4718 1315 4793 westmonasterium,
1339 4721 1444 4805 primo
1479 4722 1532 4788 ‹lie
1556 4722 1585 4788 F
1585 4726 1641 4791 eb-

589 4827 703 4893 marii.
