4350 6442
565 1106 609 1177 72
722 1119 837 1171 nomn
858 1119 934 1169 nun
956 1118 1074 1167 crum
1097 1116 1307 1167 umrcmcnn
1329 1116 1477 1168 nrt-rmus

613 1309 658 1372 Et
695 1305 848 1373 omnibus
885 1304 965 1381 istie,
996 1308 1031 1369 et
1072 1305 1175 1369 etium
1214 1303 1288 1368 aliis
1326 1305 1355 1369 si
1385 1304 1419 1368 in
1471 1305 1625 1391 Angliam

566 1412 679 1476 venire
703 1409 880 1485 voluerint,
898 1407 1024 1472 directa
1047 1411 1099 1472 est
1122 1428 1191 1471 unu
1214 1406 1313 1470 litera
1332 1411 1450 1493 patens
1476 1408 1517 1472 de
1532 1407 1625 1471 salvo

567 1514 741 1602 conductu,
759 1510 847 1597 quod
868 1510 960 1576 salvo
981 1509 1109 1596 possint
1123 1508 1247 1588 venire,
1262 1509 1393 1585 morari,
1417 1515 1452 1575 et
1474 1509 1625 1574 recedere

566 1617 609 1682 ub
632 1614 763 1702 Anglia,
781 1613 831 1679 itu
851 1612 940 1699 quod
966 1613 1096 1676 nulium
1120 1611 1284 1676 desectum
1307 1611 1361 1677 vel
1384 1612 1496 1697 alique
1518 1617 1626 1676 trans·

567 1717 691 1806 gremio
712 1717 898 1803 imputetur
931 1715 978 1780 eis
1012 1715 1094 1800 quin
1128 1715 1221 1778 salvo
1251 1715 1376 1800 possint
1413 1714 1533 1779 venire.
1581 1714 1626 1778 Et

569 1821 690 1886 durent
717 1818 824 1885 literae
843 1820 917 1884 istie
943 1840 963 1881 a
988 1816 1113 1881 Pascha
1139 1837 1238 1896 anno,
1254 1821 1325 1896 etc,
1342 1816 1509 1883 tricesimo
1532 1822 1627 1882 sexto

569 1945 674 2011 usque
696 1922 733 1988 in
755 1943 858 1988 unum
882 1941 1014 1985 annum.

982 2189 1232 2258 CCCCLXXV.

603 2320 681 2387 Tun
705 2320 842 2397 Meron,
865 2318 888 2385 J
892 2334 1010 2398 unire,
1033 2334 1107 2384 Aru>
1131 2318 1311 2386 connum
1334 2336 1379 2385 er
1403 2320 1453 2385 ln
1478 2321 1597 2386 Recte

954 2437 998 2485 re
1022 2421 1157 2486 Hnunr
1179 2422 1245 2487 ΙΙΙ.

906 2533 1002 2598 (uoyu
1014 2532 1119 2591 Iaetteru.
1130 2533 1179 2583 No.
1193 2537 1287 2598 1‚039.)

407 2652 562 2707 AboutFeb.
622 2634 908 2702 Excellentissimo
942 2635 1078 2701 domino
1112 2658 1172 2703 sue
1206 2638 1392 2725 H[cnricc],
1427 2639 1488 2704 Dei
1520 2639 1629 2725 gratia

411 2722 495 2773 mv
576 2743 646 2830 regi
680 2740 822 2829 Anglim,
857 2740 991 2806 domino
1026 2741 1221 2828 Hybcmiae,
1246 2743 1322 2808 duci
1348 2745 1564 2811 Ncrmunniae
1596 2755 1630 2811 et

578 2844 779 2931 Aquitaniae,
804 2850 838 2909 et
861 2844 975 2908 comiti
992 2844 1149 2909 Pictaviae
1173 2852 1207 2910 ct
1230 2845 1446 2933 Andegaviae,
1470 2847 1574 2932 major
1596 2854 1631 2913 ct

573 2947 680 3033 jurati
703 2954 841 3032 totaque
872 2947 1093 3012 communitas
1115 2968 1183 3011 suae
1207 2948 1295 3012 villae
1319 2948 1361 3013 de
1386 2949 1513 3034 Regula
1535 2949 1631 3015 fidele

579 3072 707 3137 semper
729 3049 904 3114 servitium
927 3057 996 3114 tem
1020 3049 1171 3116 debitum
1196 3072 1295 3134 quum
1319 3050 1485 3117 devotum.

409 3167 551 3221 wodecim
626 3155 740 3242 Regire
774 3152 978 3219 excellentiae
1011 3151 1165 3217 volumus
1187 3152 1260 3216 fieri
1293 3153 1505 3219 manifestum
1527 3155 1633 3218 multe

409 3236 490 3302 ⁸⁰¹⁸!
582 3259 669 3324 male
692 3264 725 3323 et
758 3257 881 3321 damna
911 3263 946 3321 et
977 3257 1126 3320 enormia
1159 3256 1306 3319 maxima
1339 3264 1485 3342 tempore
1508 3257 1631 3321 domini

408 3303 570 3432 didofdjdddr
581 3360 711 3427 comitis
735 3357 928 3445 leycestriae
961 3358 1057 3423 nobis
1091 3364 1126 3422 et
1160 3357 1391 3423 communitati
1414 3367 1535 3426 nostmr
1557 3383 1634 3424 eve·

409 3434 527 3553 {20⁸5ssss
582 3463 677 3543 nime,
709 3461 832 3526 scilicet
863 3460 953 3546 quod
976 3459 1154 3546 burgenses
1187 3460 1291 3526 neutri
1324 3460 1364 3524 de
1397 3460 1542 3538 Pinibus,
1576 3463 1631 3547 qui

412 3569 493 3619 under
504 3567 548 3618 2¹¹0
582 3586 710 3651 semper
745 3562 939 3628 fidelitatem
971 3562 1097 3648 regium
1130 3569 1356 3638 servaverunt,
1380 3564 1542 3650 principio
1565 3565 1634 3629 fuc-

411 3647 569 3750 ffiss'ffi„
583 3672 664 3731 runt
694 3665 782 3749 capti
805 3663 973 3730 occasione
997 3663 1181 3751 hc[stngii]‚
1206 3665 1298 3729 etin
1322 3687 1449 3731 carcere
1474 3666 1634 3730 vilissime

412 3766 463 3817 ⁶⁸¹¹
477 3765 507 3815 of
581 3767 618 3833 in
641 3765 853 3852 compedibus
884 3765 995 3851 positi,
1018 3775 1052 3831 et
1084 3766 1126 3829 de
1149 3766 1350 3852 Burdogalia
1379 3768 1521 3832 extructi
1544 3768 1634 3831 vilis-

412 3831 545 3883 ἈΜ
582 3867 664 3933 sime
687 3868 774 3953 apud
799 3866 957 3954 Burgum,
981 3874 1016 3933 et
1051 3868 1092 3933 de
1117 3869 1228 3955 Burgo
1250 3869 1337 3954 apud
1362 3869 1574 3934 Frouciucum
1598 3870 1633 3932 in

581 3991 708 4036 carcere
740 3967 847 4054 positi,
871 3967 968 4034 etde
992 3969 1171 4035 Fronciucc
1205 3970 1294 4057 apud
1318 3969 1502 4037 Olerionem
1526 3970 1634 4035 adhuc

582 4073 616 4137 in
652 4092 780 4137 carcere
819 4069 1019 4136 detinentur.
1079 4071 1180 4135 Multi
1219 4078 1332 4137 autem
1364 4072 1422 4137 ulii
1456 4073 1634 4159 burgenses

583 4173 687 4239 uestri
722 4172 889 4238 occursione
921 4172 1063 4259 hostugii
1095 4181 1192 4239 extra
1218 4173 1334 4238 villam
1365 4175 1500 4240 fuerunt
1531 4175 1634 4261 ejecti.

584 4278 727 4357 Quidem
751 4277 840 4364 upud
865 4278 1093 4357 Murmediam,
1118 4279 1176 4342 alii
1199 4283 1311 4342 nutem
1343 4280 1431 4364 apud
1454 4280 1634 4366 Yspnnimu

584 4386 795 4455 recesserunt,
819 4379 877 4443 ulii
911 4386 1024 4443 nutem
1048 4380 1137 4466 apud
1162 4379 1350 4445 Olerionem
1373 4381 1482 4447 adhuc
1508 4383 1543 4447 in
1567 4405 1635 4446 car-

584 4500 655 4542 cere
693 4480 894 4545 detinentur.
939 4480 981 4545 Iu
1015 4502 1081 4565 quo
1113 4481 1263 4568 hostregio
1295 4482 1430 4568 quidum
1464 4484 1636 4571 burgensis

585 4586 704 4656 noster,
743 4582 876 4647 nominc
911 4581 1084 4647 Johuunes
1116 4581 1209 4659 Gust,
1247 4583 1289 4649 de
1320 4583 1508 4650 melioribus
1545 4586 1635 4651 villru

586 4686 716 4758 vestrm,
732 4682 819 4764 quod
843 4683 938 4747 nobis
960 4683 1056 4748 valde
1079 4706 1181 4770 grave
1204 4692 1262 4762 est
1288 4688 1323 4751 in
1347 4688 1456 4773 petria
1478 4695 1636 4754 extranea

586 4785 637 4842 cst
664 4788 814 4846 mortuus
837 4789 873 4846 et
900 4785 1055 4869 sepultus.

625 4926 770 4935 ·—-—---—
800 4930 823 4937 ,ι
853 4932 924 4940 ...—

1382 4941 1606 4950 .-———-.-

933 5002 939 5030 ¹
958 5001 1006 5051 See
1017 5001 1091 5054 letter
1103 5005 1335 5059 cuccnxxvu.
