4350 6442
607 1107 648 1171 36
764 1122 1110 1170 normannorum
1135 1123 1342 1173 nrsronrcan
1367 1124 1516 1172 currum

440 1316 515 1366 Ihm
605 1299 641 1358 et
663 1295 743 1380 quia
765 1295 865 1361 blada
886 1302 999 1361 vestra
1029 1298 1251 1362 maneriorum
1277 1297 1554 1363 Cantuarensium
1587 1317 1660 1360 cum

438 1384 560 1513 3⁸thss
606 1398 747 1463 carrucis
768 1404 802 1462 et
825 1399 983 1464 instauris
999 1421 1073 1484 quae
1097 1400 1269 1465 habebatis
1293 1401 1416 1465 ibidem
1441 1399 1535 1463 nobis
1549 1405 1659 1463 vestm

439 1517 544 1575 mance,
605 1499 740 1586 largitus
763 1499 901 1587 dignata
930 1508 981 1566 est
1011 1524 1152 1588 erogare,
1186 1503 1385 1589 benignitati
1408 1510 1528 1568 vestra*
1552 1507 1662 1587 grates

437 1583 521 1715 {¹1:¹3²ss
531 1658 576 1700 not
604 1602 775 1667 referimus
790 1604 940 1689 copiosas
981 1604 1031 1668 De
1046 1627 1085 1668 eo
1099 1611 1210 1670 autem
1234 1605 1322 1690 quod
1345 1606 1441 1670 nobis
1463 1604 1659 1690 quibusdam

438 1718 559 1767 heuheu
605 1704 679 1769 aliis
701 1705 805 1770 literis
828 1707 946 1771 vestris
962 1707 1182 1771 mandavistis
1197 1707 1285 1795 quod
1307 1730 1381 1773 cum
1404 1729 1480 1793 rege
1505 1707 1661 1779 Franeirn,

438 1785 583 1902 {fftffili‘gd'
606 1807 662 1893 qui
685 1807 781 1872 vobis
812 1808 1002 1873 inimicatur
1033 1809 1166 1892 injuste,
1189 1832 1249 1875 nec
1272 1811 1578 1896 compaternitatem
1601 1829 1662 1872 uec

440 1916 567 1994 theroyal
606 1910 698 1974 aliud
720 1932 823 1996 genus
846 1912 1001 1977 amicitiae
1024 1912 1277 1992 contrahamus3
1316 1913 1427 1978 sciatis
1462 1912 1551 1998 quod
1584 1912 1662 1977 licct

438 1983 514 2036 Μ
606 2014 704 2079 valde
734 2020 903 2103 acceptum
938 2015 1117 2081 babeamus
1152 2024 1187 2082 ct
1220 2023 1352 2103 gratum
1387 2018 1448 2083 boc
1482 2016 1570 2103 quod
1602 2037 1662 2080 nos

606 2119 803 2204 praemunire
835 2124 870 2182 ct
903 2119 1066 2182 iustruere
1100 2119 1261 2197 voluistis,
1285 2142 1327 2184 nc
1354 2120 1512 2184 faciamus
1534 2117 1661 2204 aliquid

608 2219 696 2305 quod
728 2220 910 2285 clementiae
932 2226 1053 2286 vestra·
1077 2221 1197 2287 debeat
1227 2222 1407 2308 displicere,
1430 2223 1465 2286 in
1488 2244 1527 2286 eo
1550 2228 1660 2285 tamen

608 2323 690 2387 satis
711 2322 864 2387 instructi
896 2344 1026 2387 eramus
1059 2330 1094 2388 et
1127 2325 1226 2399 cauti,
1251 2324 1333 2389 adeo
1367 2325 1454 2410 quod
1488 2324 1553 2388 iter
1586 2344 1662 2387 nos·

607 2429 696 2488 trum
731 2445 774 2489 ex
806 2430 895 2490 certa
927 2425 1065 2490 scientia
1097 2426 1313 2511 tardaremus,
1336 2428 1413 2512 quia
1443 2447 1500 2512 per
1522 2446 1660 2512 reguum

609 2525 759 2592 Franciae
793 2527 985 2592 nolebamus
1019 2529 1168 2605 transire,
1193 2529 1296 2593 donec
1328 2530 1442 2616 regina
1475 2528 1660 2614 peperisset,

608 2634 643 2694 ct
666 2628 775 2693 infans
797 2652 818 2694 a
840 2651 929 2694 sacro
952 2629 1042 2694 fonte
1066 2629 1183 2695 fuisset
1198 2631 1338 2695 levatus.
1373 2630 1570 2716 Sciturique,
1586 2651 1659 2693 cum

607 2753 628 2794 a
660 2730 731 2796 Deo
766 2738 800 2796 et
831 2731 926 2796 vobis
958 2753 1224 2817 recognoscamus
1257 2755 1316 2798 nos
1350 2733 1470 2798 babere
1502 2730 1660 2818 quicquid

608 2833 687 2898 boui
722 2834 877 2919 quicquid
913 2833 1045 2899 honoris
1080 2834 1248 2909 babemus,
1276 2837 1365 2900 omni
1399 2841 1545 2922 tempore
1580 2835 1661 2898 vitro

608 2943 739 3016 nostrae,
763 2944 931 3001 annuente
964 2936 1118 3016 Domino,
1141 2936 1252 3024 fugere
1276 2938 1463 3003 curabimus
1486 2946 1520 3002 et
1554 2935 1661 3001 vitare

608 3039 719 3104 omnia
751 3061 825 3125 quae
858 3039 955 3104 vobis
989 3040 1117 3125 possint
1150 3040 1205 3104 vel
1241 3041 1384 3105 debeant
1420 3040 1599 3128 displicere,
1627 3048 1661 3102 et

606 3141 718 3206 omnia
740 3142 853 3218 facere,
868 3147 1033 3228 quantum
1056 3141 1238 3207 secundum
1255 3143 1364 3207 Deum
1380 3143 1569 3228 poterimus,
1586 3163 1660 3227 qua·

606 3249 727 3309 vestrae
749 3243 917 3309 credemus
940 3265 1008 3309 csse
1030 3244 1180 3331 gratuita
1202 3244 1370 3309 voluntati
1393 3250 1428 3309 et
1450 3244 1566 3309 honori
1589 3265 1659 3307 ves-

605 3351 659 3411 tro
683 3356 717 3412 et
739 3346 910 3411 commodo
933 3346 1117 3412 viderimus
1140 3347 1302 3433 expedire.
1351 3347 1450 3411 Unde
1465 3368 1562 3433 super
1577 3367 1659 3433 prze-

606 3448 713 3513 missis
735 3449 816 3514 satis
838 3450 991 3514 instructi
1023 3471 1162 3529 eramus,
1185 3449 1271 3515 sicut
1304 3448 1459 3529 diximus²
1482 3455 1658 3534 autequam

604 3551 777 3637 superbis
800 3558 947 3616 vestrum
972 3551 1164 3617 haberemus
1188 3552 1390 3616 mandatum.

651 3652 700 3716 De
716 3675 754 3717 eo
769 3659 881 3718 autem
896 3653 984 3738 quod
1008 3654 1191 3718 mandastis
1214 3654 1304 3739 quod
1321 3654 1385 3718 iter
1400 3659 1551 3718 nostrum
1567 3675 1660 3718 cura·

606 3776 715 3820 remus
728 3755 771 3819 od
786 3755 942 3843 Angliam
958 3762 1132 3833 maturare,
1145 3756 1257 3821 sciatis
1272 3757 1360 3842 quod
1376 3755 1457 3820 illud
1474 3777 1540 3820 non
1555 3755 1659 3820 facere

519 3890 537 3939 g
606 3857 777 3945 potuimus
802 3864 935 3945 propter
963 3880 1094 3923 eausam
1127 3859 1261 3938 dictem,
1284 3863 1319 3923 et
1341 3858 1421 3944 quia
1444 3879 1549 3943 usque
1570 3879 1660 3922 nuuc

501 3979 507 3991 ·
606 3961 904 4025 fuimusuostriset
914 3961 1094 4025 amicorum
1109 3967 1297 4026 nostrorum
1313 3961 1416 4025 variis
1431 3960 1573 4046 negotiis
1587 3959 1661 4047 plu·

606 4063 727 4127 rimum
744 4062 916 4149 impediti;
939 4062 997 4127 sed
1012 4064 1065 4129 die
1081 4064 1180 4129 «lovis
1196 4064 1345 4150 proxima
1360 4067 1436 4150 post
1453 4062 1658 4127 Dominicam

606 4166 647 4232 de
663 4166 819 4232 Passione
842 4188 862 4230 a
884 4165 1020 4231 civitate
1037 4166 1211 4231 Belliecnsi
1233 4165 1448 4253 proculdubio
1464 4165 1658 4241 recedemus,

606 4291 681 4333 cum
703 4269 959 4357 prospc1·ita[te]‚
985 4269 1085 4333 danto
1110 4269 1261 4346 Domino,
1287 4269 1320 4331 in
1354 4267 1509 4354 Angliam
1536 4267 1658 4353 profec-

606 4371 682 4435 turi.
729 4370 829 4437 Unde
862 4370 1103 4458 lmnignitatem
1126 4381 1269 4436 vestmm
1302 4375 1465 4456 quantum
1488 4390 1659 4455 possumus

605 4475 767 4539 attentius
790 4474 1004 4560 deprecamur
1028 4479 1194 4561 quatenus
1222 4473 1424 4538 venerabiles
1449 4471 1567 4537 fratres
1584 4492 1658 4535 uos·

606 4574 693 4639 tros¹
720 4576 885 4641 Eliensem
908 4582 943 4641 ct
968 4576 1244 4642 Herefirrdensem
1270 4576 1438 4662 episcopos
1456 4573 1561 4651 nobis,
1578 4572 1659 4637 visis

605 4676 718 4754 literis,
740 4679 829 4765 apud
860 4678 1037 4744 Dovoriam
1062 4679 1194 4744 obviam
1226 4677 1473 4753 tmusmittatis,
1500 4675 1660 4740 dilutione

606 4784 641 4844 ct
656 4779 822 4845 occasione
844 4780 1000 4866 qualibet,
1023 4782 1050 4844 si
1078 4782 1215 4868 placeat,
1231 4780 1474 4868 pnotermissa3
1498 4778 1547 4842 itu
1570 4776 1658 4863 quod

612 4954 660 4961 —-
684 4956 698 4962 .-
762 4958 765 4963 .
788 4958 796 4963 .
858 4958 883 4965 ..
983 4958 1018 4967 ο.
1059 4958 1082 4965 ι..
1094 4958 1231 4967 —---..-

990 5064 996 5092 ¹
1016 5062 1121 5127 nostros]
1141 5077 1172 5112 nr
1189 5101 1194 5110 .
1214 5101 1219 5109 .
1239 5101 1254 5115 ..
1267 5063 1321 5111 MS.
