4350 6442
609 1296 864 1348 ILLUSTRATIVE
886 1300 930 1346 OF
952 1299 1022 1347 'l'llE
1047 1300 1152 1349 unlus
1174 1302 1218 1348 ΟΡ
1241 1301 1361 1350 inmun
1384 1302 1431 1351 111.
1480 1288 1543 1355 279

500 1473 685 1558 Wytsaund
708 1475 742 1537 in
766 1475 892 1539 octabis
915 1476 1072 1540 instantis
1095 1476 1171 1540 festi
1196 1476 1228 1541 S.
1254 1477 1391 1542 Martini
1414 1479 1544 1544 olwimn

494 1576 598 1640 nostri
621 1599 730 1640 umore
751 1576 815 1640 sibi
837 1578 988 1643 mittatis

537 1678 633 1743 Teste
670 1702 745 1767 rege
784 1679 874 1765 apud
912 1679 1251 1759 westmonasterium,
1291 1683 1455 1748 tricesimo
1492 1685 1545 1749 ‹lio

496 1781 657 1847 Octobris

941 2148 1110 2216 DCXXX.

521 2278 725 2351 nmmum,
750 2278 929 2345 Coosrnss
952 2296 995 2345 or
1019 2281 1205 2345 Funununs
1227 2297 1300 2345 nun
1326 2282 1522 2351 Hnmnum'.

878 2400 920 2446 ro
944 2384 1073 2447 Hmmr
1098 2382 1159 2448 III.

846 2524 943 2589 (noyn
954 2524 1059 2583 Letters
1070 2524 1119 2574 No.
1135 2528 1201 2587 133.)

542 2640 825 2707 Exoellentissimo
847 2642 979 2706 domino
1002 2663 1060 2706 suo
1085 2642 1237 2720 Hem-ico,
1261 2642 1323 2707 nei
1345 2646 1454 2729 gretiu
1476 2645 1544 2731 regi
1558 2658 1623 2709 Nov.
1639 2666 1675 2711 m.

495 2744 635 2829 Anglim,
670 2744 803 2808 domino
838 2744 1018 2825 Hibernis,
1054 2766 1091 2808 ue
1125 2744 1201 2809 duei
1240 2745 1441 2831 Aquinium,
1476 2747 1545 2833 ejus

494 2846 599 2910 fidelis
621 2848 862 2933 consanguinea
885 2847 1082 2932 Margareta,
1109 2847 1274 2911 Flundrim
1297 2852 1332 2912 et
1360 2849 1545 2933 Huynonire

493 2952 665 3027 eomitissa,
699 2952 847 3025 sulutem,
883 2957 916 3017 et
947 2973 1020 3018 eum
1054 2954 1142 3015 omni
1182 2952 1444 3038 promptitudine
1481 2975 1545 3017 ser-

493 3054 603 3119 viendi
628 3062 777 3140 paratum
796 3055 839 3118 ud
855 3054 924 3139 ejus
947 3054 1152 3140 beneplacito
1174 3054 1390 3119 voluntatem.

538 3156 805 3221 Dominutionem
843 3162 985 3221 vestrum
1020 3157 1101 3220 alins
1144 3156 1330 3242 rogavimus
1369 3162 1403 3220 et
1438 3157 1692 3231 udhnerypro

1561 2731 1630 2775 tros.

1557 3242 1607 3281 ieci
1619 3248 1665 3283 our

492 3261 631 3324 attentis
654 3260 803 3345 precibus
825 3260 1022 3344 requirimus
1037 3266 1072 3323 et
1090 3281 1251 3344 rogamus,
1276 3264 1438 3343 quatenus
1461 3282 1705 3351 ¹¹¹⁰¹²u1erenants

492 3363 656 3427 cauteribus
678 3386 715 3426 ue
738 3362 956 3445 burgensibus
978 3362 1098 3427 nostris
1115 3361 1370 3425 Ftumlreusibus
1387 3363 1422 3425 in
1444 3384 1544 3449 regno

492 3473 601 3529 vestro
617 3466 748 3549 Angtire
763 3466 983 3530 existentibus
1008 3466 1040 3527 iu
1064 3463 1259 3550 corporibus,
1277 3463 1379 3539 bonis,
1395 3470 1429 3529 et
1448 3464 1546 3528 rebus

493 3589 530 3631 ue
553 3570 693 3631 navibus
716 3569 784 3633 suis
806 3568 997 3631 violentiam
1030 3590 1087 3632 seu
1111 3567 1266 3653 injurium
1299 3566 1411 3631 inferri
1442 3568 1547 3631 nullu·

494 3676 589 3734 tenus
613 3672 822 3756 permittatis,
847 3673 932 3757 ipsos
955 3678 989 3735 et
1011 3672 1095 3735 bonu
1120 3694 1157 3734 ae
1180 3668 1411 3733 mercandisius
1434 3692 1546 3735 eorum

495 3772 527 3835 iu
558 3795 658 3859 reguo
687 3778 797 3837 vestro
830 3795 939 3837 ornere
970 3773 1032 3837 Dei
1063 3778 1098 3837 et
1133 3772 1237 3835 nostri
1269 3771 1481 3837 defendentes
1511 3780 1546 3840 et

493 3874 622 3938 «tesemli
639 3876 804 3955 incientes,
821 3880 856 3941 et
870 3877 1066 3961 prebentes
1082 3875 1109 3938 si
1126 3875 1239 3959 placet.
1256 3896 1348 3959 opem
1365 3879 1400 3939 et
1415 3898 1544 3961 operum

492 3978 664 4041 ettieuciter
686 3978 729 4041 ml
753 3978 821 4053 hoe,
844 3984 883 4043 ut
906 3978 1003 4043 dietis
1025 3977 1261 4042 mercatoribus
1276 4000 1313 4043 ae
1328 3978 1545 4064 burgensibus

492 4080 526 4143 iu
558 4080 653 4144 bonis
683 4088 718 4145 et
749 4080 844 4144 rebus
876 4082 943 4145 suis
974 4080 1071 4145 eundi
1106 4102 1164 4167 per
1197 4101 1334 4165 regrmm
1358 4081 1489 4169 Angliu*
1512 4089 1546 4148 et

491 4183 681 4268 negotiandi
714 4205 751 4248 ae
774 4184 817 4247 ud
848 4190 968 4248 ter-uun
998 4188 1145 4247 nostram
1175 4182 1334 4247 redermdi
1368 4183 1469 4247 libero
1500 4184 1544 4249 sit

494 4286 638 4363 tunnas,
662 4291 793 4349 tuntum
817 4285 893 4349 imle
926 4286 1080 4349 incientes
1105 4290 1143 4349 ut
1166 4306 1275 4372 preces
1297 4290 1425 4349 nostrus
1456 4287 1545 4373 upud

492 4396 633 4452 vestram
658 4388 886 4453 excellentium
911 4386 974 4451 sibi
998 4388 1144 4451 sentiant
1167 4387 1318 4452 voluisse.

535 4492 587 4553 Ad
620 4491 690 4555 hue
717 4513 794 4554 vero
825 4511 884 4553 vos
914 4490 995 4554 seire
1020 4489 1173 4553 volumus
1197 4489 1284 4573 quod
1309 4490 1638 4579 mereatoritmsYoun
1649 4517 1688 4553 ro

492 4594 610 4655 vestris
650 4594 781 4677 ringitur
818 4591 1010 4655 violentiam
1043 4591 1188 4676 uliquum
1227 4612 1283 4654 seu
1316 4590 1468 4675 injurium
1508 4582 1693 4685 inffiffl'm

490 4696 678 4781 emporibus
694 4702 753 4758 uut-
775 4694 872 4757 reims
888 4715 944 4756 seu
967 4693 1063 4757 bonis
1087 4694 1119 4756 iu
1136 4698 1221 4756 term
1240 4704 1354 4755 nost-ru
1372 4715 1541 4779 nunquam
1554 4701 1619 4753 here.

491 4798 696 4883 permisiums
719 4820 775 4859 seu
800 4796 1020 4883 permittimus
1037 4794 1184 4881 irrogari,
1200 4794 1286 4859 sieut
1300 4816 1359 4859 vos
1382 4796 1542 4865 eredimus

491 4921 557 4963 non
582 4900 692 4963 lutere.

540 5004 662 5067 Datum
687 5024 774 5066 mmo
798 5001 932 5065 Domini
959 4999 1131 5063 millesimo
1158 5001 1382 5065 ‹lut-entesimo
1408 5024 1539 5087 sexage-

491 5106 573 5169 <imo
590 5111 715 5191 ‹pur-to.
734 5105 786 5168 uu.-
807 5106 903 5169 tumu·
928 5110 1005 5167 unte
1030 5104 1148 5167 festum
1168 5104 1198 5166 S.
1218 5104 1353 5169 Martini
1371 5104 1539 5191 hyemalis.
