4350 6442
602 1180 854 1234 nnusrnarrvs
876 1182 921 1232 or
942 1182 1012 1233 run
1035 1182 1143 1233 naras
1166 1160 1219 1233 or'
1233 1183 1352 1234 nernr
1376 1186 1426 1234 111.
1474 1170 1541 1241 237
1648 1168 1656 1185 '

938 1487 1095 1555 DXCIV.

515 1636 646 1702 Haunr
670 1636 737 1702 III.
760 1654 803 1702 ro
828 1637 1011 1703 Resinam>
1034 1638 1120 1703 Frrz
1143 1638 1357 1704 Parnasso
1379 1654 1521 1703 ornans.

699 1772 770 1835 (Rot
782 1771 866 1824 Cleua.
878 1775 909 1824 47
919 1772 986 1823 lien.
997 1772 1055 1836 111,
1065 1775 1156 1824 mernb.
1171 1778 1201 1823 18
1212 1772 1239 1823 in
1250 1774 1346 1838 dorso.)

536 1892 609 1957 Rex
632 1891 760 1958 dilectis
782 1898 817 1958 et
839 1891 992 1957 fidelibus
1014 1890 1081 1957 suis
1113 1892 1296 1980 Reginaldo
1327 1892 1413 1958 Filio
1443 1891 1545 1973 Petri,
1557 1915 1618 1965 Feb.

492 1993 672 2060 Humfrido
687 1994 729 2060 de
753 1994 882 2073 Bohun,
899 1994 999 2060 Petro
1020 1993 1061 2061 de
1085 1995 1201 2061 Monte
1224 1995 1327 2074 Forti,
1343 2002 1378 2061 et
1396 1995 1546 2062 Gilberto
1560 1986 1631 2032 ¹²⁰³·

491 2096 637 2175 Talebot,
660 2102 695 2163 et
724 2097 798 2162 aliis
829 2096 982 2162 fidelibus
1013 2096 1081 2161 suis
1113 2097 1201 2184 apud
1234 2098 1461 2164 Heresordiam
1493 2098 1546 2163 die

492 2199 595 2264 Lunae
618 2199 769 2286 proxima
791 2204 867 2286 post
890 2198 1011 2264 festum
1035 2198 1280 2265 Purificetionis
1304 2200 1339 2266 B.
1364 2200 1480 2266 Mariae
1502 2200 1546 2265 ad

490 2301 559 2387 ejus
582 2301 776 2366 mandatum
799 2300 1020 2382 conventuris,
1043 2301 1192 2368 salutem.

536 2404 619 2468 Cum
644 2401 830 2469 Iewelinus
852 2402 941 2468 filius
965 2402 1096 2468 Griffini
1118 2409 1153 2469 et
1174 2404 1348 2490 complices
1370 2404 1421 2470 sui
1443 2410 1547 2470 terras
1560 2425 1663 2476 werre

490 2511 619 2570 nostras
634 2512 668 2571 et
684 2511 820 2582 vestras,
839 2511 939 2592 prout
954 2505 1036 2570 alias
1051 2506 1147 2571 vobis
1169 2506 1366 2594 scripsimus,
1384 2506 1548 2572 hostiliter
1560 2493 1674 2609 ffiffi

490 2607 662 2687 invadant,
686 2612 820 2695 propter
845 2607 934 2692 quod
966 2629 1096 2674 necesse
1129 2614 1180 2674 est
1214 2609 1303 2695 quod
1335 2631 1395 2675 vos
1425 2615 1461 2675 et
1490 2609 1548 2675 ahi
1562 2628 1670 2691 ureyto

490 2711 602 2775 fideles
623 2710 729 2775 nostri
744 2715 814 2774 tam
829 2730 890 2795 pro
905 2708 1066 2776 fidelitate
1080 2716 1194 2776 vestra
1217 2711 1313 2777 nobis
1329 2711 1535 2777 observanda
1562 2708 1575 2742 ⁰
1577 2708 1677 2742 ⁰⁰⁰⁰⁰
1679 2695 1695 2743 ‘¹

491 2835 590 2899 quam
623 2833 684 2898 pro
717 2812 839 2877 damno
870 2816 904 2877 et
937 2811 1152 2878 heredatione
1185 2820 1300 2879 vestra
1329 2815 1461 2902 propria
1490 2758 1701 2901 peillllbnlll

492 2915 696 2980 invasionem
720 2914 866 2980 hostium
898 2924 1087 2981 nostrorum
1114 2921 1149 2981 et
1181 2921 1368 2981 vestrorum
1401 2916 1546 2995 vitanda,
1560 2908 1708 3009 mim

492 3018 634 3085 viriliter
648 3023 682 3083 et
697 3017 901 3083 unanimiter
915 3018 1001 3083 circa
1016 3018 1240 3084 defensionem
1256 3019 1403 3106 partium
1416 3019 1546 3084 illarum
1560 3026 1636 3076 nona.

493 3141 552 3185 vos
566 3119 723 3199 habeatis,
748 3126 782 3185 et
805 3141 848 3185 ex
871 3119 1149 3197 contentionibus,
1164 3120 1193 3184 si
1215 3142 1288 3206 quse
1312 3121 1399 3185 inter
1420 3120 1548 3207 aliquos

492 3227 639 3288 vestrum
674 3222 869 3298 habeantur,
903 3221 1026 3286 damna
1059 3227 1094 3287 et
1128 3222 1364 3309 impedimento
1396 3224 1548 3310 graviora

492 3332 561 3390 tarn
594 3324 690 3390 nobis
721 3345 821 3410 quam
853 3323 949 3389 vobis
982 3331 1117 3411 possent
1150 3325 1291 3402 evenire,
1315 3325 1482 3391 mittimus
1504 3326 1547 3391 nd

491 3450 550 3493 vos
573 3428 729 3493 dilectum
759 3432 793 3492 et
823 3426 953 3491 fidelem
983 3431 1134 3492 nostrum
1165 3426 1352 3493 Johannem
1383 3428 1424 3494 de
1448 3427 1547 3514 Grey,

493 3531 533 3595 de
559 3530 651 3615 cujus
684 3528 846 3594 fidelitate
878 3528 1009 3616 plenam
1040 3528 1188 3615 gerimus
1218 3528 1383 3611 fiduciam,
1405 3535 1445 3595 ut
1478 3531 1547 3618 ipse

492 3633 563 3698 vice
593 3638 707 3697 nostra
736 3630 923 3711 discordias,
956 3630 985 3696 si
1019 3653 1094 3717 quae
1130 3631 1219 3697 inter
1249 3637 1397 3697 vestrum
1420 3633 1547 3718 aliquos

493 3736 638 3799 subortae
661 3734 739 3811 sint,
761 3731 922 3820 pacificet,
946 3737 980 3798 et
1002 3732 1130 3798 animos
1151 3738 1280 3799 vestros
1308 3735 1351 3800 ad
1381 3736 1546 3801 unitatem

492 3843 527 3902 et
549 3835 755 3902 concordiam
777 3835 931 3901 reducere
961 3840 1136 3922 procuret3
1167 3836 1219 3901 cui
1241 3858 1339 3924 super
1367 3837 1419 3902 his
1448 3837 1546 3904 iidem

492 3938 676 4004 adhibeatis
698 3937 884 4024 pleniorem.

539 4042 584 4106 Et
607 4042 685 4126 quia
706 4060 820 4126 paoem
842 4046 876 4105 et
899 4039 1109 4105 concordiam
1133 4040 1296 4107 intervos
1318 4042 1426 4109 modis
1441 4044 1546 4109 omni·

491 4144 554 4209 bns
576 4143 751 4209 reformare
783 4143 995 4221 intendimus,
1019 4164 1078 4230 per
1109 4144 1207 4229 quod,
1239 4144 1370 4211 volente
1393 4144 1547 4225 Domino,

492 4248 535 4311 ad
557 4247 714 4312 bonorem
737 4250 772 4310 et
794 4244 1015 4309 defensionem
1039 4251 1185 4311 vestram
1208 4247 1374 4332 propriam
1396 4246 1547 4314 fortiores

493 4351 585 4415 eritis
607 4356 641 4415 et
663 4347 820 4423 meliores,
845 4351 879 4413 et
902 4353 1052 4413 econtra
1074 4369 1134 4435 per
1156 4347 1352 4413 discordiam
1375 4347 1464 4414 inter
1486 4371 1546 4415 vos

491 4451 709 4539 praehabitam
732 4448 905 4515 debiliores
928 4454 1045 4514 contra
1066 4449 1273 4515 invasionem
1300 4449 1443 4515 bostium
1470 4472 1546 4518 nos·

491 4560 618 4619 trorum
641 4558 676 4617 et
698 4556 884 4617 vestrorum
907 4550 1074 4629 hactenus,
1098 4558 1198 4638 prout
1213 4552 1384 4618 evidenter
1398 4560 1545 4641 apparet,

491 4656 673 4734 extitistis3
713 4652 807 4748 vobis
839 4653 1034 4718 mandamus
1067 4652 1129 4717 sub
1163 4653 1276 4719 debito
1310 4655 1482 4722 fidelitatis
1512 4663 1547 4722 et

492 4758 678 4822 dilectionis
712 4756 831 4842 quibus
866 4754 962 4819 nobis
994 4754 1153 4819 tenemini
1186 4754 1397 4842 injungentes
1429 4764 1464 4824 et
1494 4781 1545 4826 ro-

492 4866 619 4945 gantea
650 4864 690 4925 ut
723 4860 811 4923 inter
844 4878 903 4923 vos
935 4878 1048 4944 pacem
1083 4862 1119 4922 et
1149 4858 1354 4923 concordiam
1393 4860 1477 4927 inire
1511 4867 1547 4927 et

492 4961 611 5026 habere
635 4961 756 5037 velitis,
779 4959 923 5025 maxime
938 4958 1145 5045 temporibus
1159 4959 1242 5037 istis,
1258 4965 1297 5025 ut
1311 4982 1369 5048 per
1383 4963 1546 5029 unitatem

492 5071 637 5130 vestram
661 5064 764 5127 bonor
786 5068 895 5127 vester
918 5066 953 5126 ct
976 5066 1087 5126 noster
1108 5069 1327 5143 conservetur,
1352 5069 1387 5129 et
1400 5064 1546 5132 hostium
