4350 6442
604 1171 852 1223 ILLUsnaAmva
875 1172 920 1221 OF
943 1173 1013 1223 THE
1036 1173 1146 1223 aalma
1169 1173 1213 1221 OF
1236 1173 1357 1225 HENRY
1379 1174 1430 1223 111.
1479 1162 1541 1223 115

491 1346 549 1433 qui
571 1345 715 1415 ecclesiae
731 1347 890 1417 Romana
912 1347 1053 1416 devotus
1077 1352 1112 1414 et
1134 1345 1231 1413 nobis
1253 1346 1392 1413 dilectus
1407 1346 1541 1424 existat,

491 1455 526 1517 et
562 1447 707 1517 maxime
740 1470 816 1515 cum
840 1447 967 1528 Gallici,
989 1449 1075 1517 deut
1108 1448 1223 1533 nostis,
1247 1440 1284 1515 in
1316 1448 1543 1536 praejudicium

490 1550 598 1617 nostri
619 1549 663 1615 ad
686 1550 748 1619 hoc
771 1551 929 1637 aspirent,
953 1550 1010 1636 qui
1033 1551 1070 1630 si,
1093 1550 1183 1637 quod
1205 1549 1302 1630 absit,
1325 1555 1544 1638 assequantur

491 1653 580 1739 quod
614 1656 742 1739 optant,
765 1653 936 1742 negotium
969 1652 1064 1740 regni
1087 1651 1220 1733 Siciliae,
1251 1654 1340 1739 quod
1372 1675 1415 1719 ex
1446 1653 1543 1719 corde

490 1755 729 1843 prosequimur,
767 1760 807 1821 ut
852 1760 1013 1836 tenemur,
1057 1776 1195 1842 gravem
1228 1754 1334 1842 possit
1378 1755 1543 1821 incurrere

490 1857 666 1925 maenam

537 1958 638 2025 Unde
661 1958 738 2023 hnic
760 1958 906 2045 periculo
939 1957 1074 2025 obviare
1108 1958 1265 2036 volentes,
1290 1957 1424 2024 domino
1450 1978 1544 2044 papae
1557 1953 1660 2020 We'rre

492 2061 649 2128 unimus
678 2060 932 2147 supplicandum
955 2060 1043 2146 quod
1066 2081 1172 2127 unum
1195 2061 1237 2130 aa
1267 2060 1375 2128 maus
1398 2036 1703 2154 aruna‘hmffflq,

493 2162 588 2241 libus,
611 2163 735 2231 scilicet
757 2163 928 2231 dominum
951 2162 975 2229 J
978 2162 1175 2249 [ohannem]
1198 2161 1299 2231 titulo
1321 2161 1354 2229 S.
1375 2161 1546 2227 Laurentii
1557 2117 1658 2236 {siffis

492 2265 529 2331 in
543 2265 669 2332 Lucina
691 2263 920 2351 presbyterum
936 2264 1143 2344 cardinalem,
1160 2265 1215 2334 vel
1237 2262 1409 2331 dominum
1432 2262 1545 2349 Hugc
1557 2238 1677 2368 ῗξέξζω

493 2388 568 2433 nem
600 2366 703 2433 titulo
738 2366 769 2435 S.
809 2365 942 2435 Sabinae
974 2366 1204 2453 presbyterum
1238 2365 1445 2445 cardinalem,
1485 2370 1545 2432 aut
1558 2369 1695 2435 cermany.

493 2468 662 2537 dominum
693 2468 901 2537 Ottobonum
947 2467 979 2535 S.
1026 2467 1188 2535 Adriani¹
1229 2467 1402 2538 diaconum
1440 2468 1544 2535 cardi-

493 2571 601 2636 nalem
640 2571 676 2634 in
713 2570 959 2636 Allemanniam
998 2570 1166 2636 destinare
1204 2570 1371 2657 dignetur,
1409 2576 1449 2635 ut
1486 2591 1545 2656 per

493 2672 582 2741 illius
605 2672 850 2761 providentiam
864 2694 964 2759 quem
979 2673 1096 2738 mittet
1110 2672 1203 2739 istud
1217 2674 1389 2759 negotium
1405 2671 1545 2739 feliciter

493 2775 672 2843 ordinetur.

538 2879 593 2944 Ad
625 2878 695 2943 haec
721 2882 834 2942 vestra
867 2877 949 2943 sciat
978 2877 1134 2942 discretio
1164 2877 1348 2963 quodcum
1374 2883 1548 2945 teneamur
1561 2899 1664 2952 Getrhe

494 2981 635 3046 acclesiae
667 2981 826 3048 Romanae
855 2979 943 3046 infra
973 2980 1097 3047 festum
1128 2979 1161 3047 S.
1193 2979 1363 3046 Michaelis
1396 2980 1547 3066 proximo
1559 2972 1690 3031 ΨΜ

494 3088 672 3147 venturum
709 3081 835 3147 solvere
883 3086 1015 3146 centum
1061 3080 1203 3168 triginta
1250 3082 1394 3166 quinque
1442 3082 1548 3146 millia
1560 3034 1701 3150 lvedieerlrelall

496 3204 677 3248 marcarum
712 3183 911 3269 quingentas
942 3188 975 3248 et
1007 3204 1119 3260 unam,
1151 3188 1185 3247 et
1218 3182 1433 3247 nihilominus
1469 3167 1683 3282 fflu⁰llieedlet

498 3285 545 3350 ire
567 3285 655 3349 infra
670 3285 811 3350 eundem
827 3284 1017 3362 terminum,
1033 3284 1089 3349 vel
1104 3284 1237 3348 mittere
1252 3283 1458 3369 capitaneum
1473 3304 1548 3348 cum
1559 3314 1614 3348 mas
1624 3300 1665 3348 for

496 3386 616 3451 militia
647 3387 857 3473 competenti,
875 3386 978 3472 juxta
1009 3387 1099 3450 tanti
1131 3386 1255 3472 negotii
1287 3385 1491 3472 qualitatem,
1514 3364 1708 3481 etfflssffhe

497 3492 630 3575 propter
662 3509 773 3553 casum
808 3489 865 3572 qui
897 3488 939 3552 dc
970 3508 1058 3553 novo
1093 3488 1213 3552 accidit
1247 3488 1356 3574 legato
1385 3488 1422 3551 in
1448 3507 1549 3573 regno
1562 3497 1669 3549 siciliae.

497 3591 660 3677 Appulia,
683 3596 716 3655 et
738 3594 872 3676 propter
895 3590 996 3655 etiam
1020 3591 1205 3677 captionem
1228 3591 1356 3655 comitis
1372 3590 1548 3656 Sabaudiae

496 3692 582 3757 infra
614 3697 684 3756 tam
717 3692 852 3757 brevem
885 3692 1064 3757 terminum
1097 3697 1254 3757 neutrum
1285 3693 1445 3780 complere
1475 3715 1549 3780 poa-

496 3795 607 3871 simue,
629 3794 763 3859 dominc
794 3816 890 3881 papae
922 3794 1143 3881 supplicamus
1170 3794 1341 3862 humiliter
1370 3802 1405 3862 et
1429 3797 1549 3862 devote

497 3903 659 3984 quatenus
709 3897 867 3962 dilectum
916 3902 1067 3962 nostrum
1120 3898 1316 3985 magistrum
1363 3899 1549 3964 Jordanum

497 4000 663 4067 notarium
694 4020 791 4065 suurn
822 4021 921 4087 super
950 4001 1166 4086 prorogandis
1187 4000 1377 4086 hujusmodi
1398 4000 1550 4067 terminis

496 4102 539 4169 ad
555 4123 615 4167 nos
640 4102 764 4169 mittat.
811 4102 857 4167 Et
878 4123 977 4187 super
998 4104 1059 4169 hoc
1082 4125 1157 4168 cum
1179 4124 1309 4169 summa
1330 4101 1550 4169 sollicitudine

497 4203 662 4284 laboretis,
684 4209 887 4290 exponentes
909 4203 1044 4271 domino
1067 4226 1161 4291 papae
1184 4210 1219 4272 et
1233 4203 1393 4272 fratribus
1408 4203 1551 4289 qualiter

497 4307 583 4372 infra
605 4305 725 4372 festum
750 4306 786 4374 B.
809 4306 832 4373 J
835 4306 974 4374 ohannis
997 4306 1160 4393 Baptistae
1190 4307 1341 4393 proximo
1371 4309 1551 4372 venturum

497 4410 664 4476 occasione
709 4408 807 4474 iatius
851 4409 978 4495 negotii
1016 4408 1185 4497 octoginta
1221 4409 1328 4474 millia
1365 4429 1550 4474 marcarum

497 4512 563 4578 fere
586 4512 767 4589 solventur,
793 4510 918 4579 scilicet
940 4511 1161 4597 quadraginta
1183 4511 1287 4576 millia
1310 4533 1494 4576 marcarum
1517 4517 1552 4576 et

497 4637 596 4679 unam
631 4613 870 4682 mercatoribus
893 4612 1119 4694 Senensibue3
1151 4612 1234 4680 item
1266 4612 1356 4678 mille
1393 4614 1551 4680 ducentas

494 4716 588 4782 sociis
604 4717 761 4803 Spillati3
785 4739 844 4803 pro
860 4716 981 4801 quibus
997 4716 1152 4784 omnibus
1168 4721 1219 4783 aet
1237 4715 1364 4782 decima
1378 4715 1528 4804 obligata
1541 4741 1550 4796 ;

851 5053 1179 5121 maanqsccfaus.
1399 5139 1421 5202 2

1349 5153 1376 5202 n
