4350 6442
703 1136 766 1198 106
856 1144 971 1199 nom
994 1146 1067 1197 run
1091 1148 1205 1196 oram
1231 1147 1436 1197 mereamur
1459 1149 1605 1199 umens

699 1326 780 1412 cipis
811 1325 1010 1391 exercitibus
1040 1326 1075 1390 in
1112 1325 1260 1391 Marchia
1284 1322 1432 1411 Spoleti¹
1461 1323 1612 1412 princepe
1634 1323 1755 1387 multoe

707 1428 854 1515 perdidit
869 1428 909 1494 de
926 1428 1002 1506 suis,
1021 1433 1056 1495 et
1071 1433 1187 1514 ceptus
1208 1433 1259 1493 est
1281 1426 1350 1493 dux
1365 1427 1436 1512 ejus
1451 1427 1621 1503 exercitus,
1635 1425 1756 1491 scilicet

710 1529 873 1596 Corradus
900 1551 1002 1617 nepos
1028 1530 1108 1615 ejus,
1139 1536 1174 1596 et
1202 1530 1264 1595 hoc
1286 1552 1344 1617 per
1364 1530 1567 1595 seditionem.

532 1640 588 1690 The
598 1656 662 1706 pope
749 1631 894 1698 Domine
933 1633 1120 1713 reverende,
1163 1632 1316 1697 dominus
1348 1654 1433 1719 papa
1467 1630 1626 1697 concessit
1659 1629 1755 1693 vobis

531 1707 685 1836 fflffissff'd
699 1734 960 1820 immuni[tctem
975 1734 1193 1822 ce]pellarum
1216 1740 1401 1801 vestrarum
1416 1759 1424 1815 ;
1448 1735 1529 1799 item
1545 1732 1755 1799 confirmavit

530 1842 635 1905 legero
698 1838 786 1924 leges
816 1837 909 1924 regni
939 1838 1042 1903 vestri
1072 1846 1107 1903 et
1141 1837 1206 1902 alia
1243 1837 1340 1924 plura
1372 1836 1557 1923 spiritualia
1586 1835 1752 1901 concessit

530 1922 639 2038 ἔζξώ,
699 1939 765 2005 Sed
788 1939 940 2004 dominns
965 1939 988 2004 J
990 1940 1133 2006 ardenne
1163 1960 1237 2004 cum
1268 1938 1405 2005 concilio
1433 1938 1571 2005 Roberti
1595 1939 1636 2004 de
1659 1937 1752 2002 Hero

530 2042 652 2119 butyou·
698 2041 810 2106 omnia
824 2041 998 2119 destruxit,
1015 2064 1097 2128 quos
1119 2063 1246 2128 semper
1270 2041 1398 2128 legibus
1424 2046 1460 2108 et
1477 2040 1609 2126 jmibue
1633 2040 1753 2105 vestris

530 2106 685 2237 ἓξὲξ
698 2149 732 2208 et
754 2143 933 2209 honoribus
955 2143 1156 2209 sensibiliter
1186 2143 1286 2208 didici
1316 2144 1535 2219 adversantes,
1563 2141 1641 2208 licet
1667 2163 1752 2207 unus

530 2239 660 2300 herema
697 2244 828 2310 illorum
858 2245 899 2310 de
925 2245 1089 2330 patientie
1110 2249 1222 2310 vestra
1253 2266 1410 2331 perquam
1444 2266 1565 2332 magna
1595 2244 1751 2309 nimirum

529 2305 664 2423 mlier,
698 2346 825 2412 ditatus
847 2347 972 2413 existat
998 2348 1032 2411 in
1055 2368 1164 2434 regno.

530 2438 653 2569 {affl
745 2449 790 2515 Et
824 2449 912 2535 quod
942 2449 1095 2515 erubesco
1126 2450 1239 2528 dicere,
1271 2455 1378 2515 tacere
1409 2472 1476 2516 non
1498 2449 1643 2536 au[de0].
1689 2449 1753 2514 Re·

699 2551 804 2637 ceptis
841 2551 991 2637 precibus
1030 2551 1150 2616 vestrie
1189 2573 1248 2636 per
1283 2552 1397 2618 literas
1431 2557 1559 2617 vestras
1592 2552 1656 2616 sibi
1695 2573 1754 2637 per

700 2656 944 2736 procuratorem
1000 2648 1126 2714 domini
1181 2648 1337 2716 Willelmi
1392 2652 1435 2717 de
1489 2651 1636 2716 Exemue
1693 2672 1752 2735 pro

699 2750 814 2817 codem
853 2755 1028 2836 porrectae,
1069 2750 1285 2838 indignanter
1322 2753 1477 2839 quaesivit
1516 2774 1616 2838 quare
1665 2773 1754 2817 nunc

698 2853 862 2918 habuistis
886 2854 1031 2941 sigillum
1059 2853 1194 2939 majoris
1219 2855 1458 2941 magnitudinis
1484 2877 1583 2941 quam
1606 2860 1753 2940 tempore

698 2978 764 3042 quo
793 2956 903 3021 fuistis
939 2956 1011 3022 dux
1041 2956 1265 3034 Normanniee‚
1296 2962 1331 3023 ct
1361 2957 1421 3023 hoc
1455 2956 1489 3023 in
1520 2956 1753 3043 opprobrium.²

701 3058 747 3125 Et
793 3062 917 3145 postea,
956 3057 1037 3123 visis
1082 3057 1196 3136 literis,
1233 3060 1388 3124 acriorem
1427 3081 1461 3125 se
1500 3058 1660 3124 exhibuit.
1707 3059 1753 3123 Et

698 3161 849 3248 intelligo
889 3183 948 3227 vos
986 3161 1105 3229 habere
1143 3167 1264 3249 praeter
1300 3163 1408 3248 ipsum
1439 3162 1609 3227 dominum
1647 3167 1751 3226 tetam

706 3264 831 3329 curiam
862 3262 1085 3343 favorabilem,
1117 3270 1346 3330 verumtamen
1368 3263 1522 3351 operibus
1552 3272 1602 3329 est
1625 3264 1755 3330 creden·
1807 3299 1814 3312 ·

697 3367 785 3430 dum.
831 3365 951 3431 Valeat
977 3372 1087 3431 vestra
1117 3366 1317 3452 prosperitas
1340 3414 1750 3431 ..............

695 3467 731 3532 in
755 3469 885 3553 Ecqui
908 3468 981 3533 Rex
1003 3473 1055 3533 est
1076 3490 1199 3554 regum.

1185 3894 1264 3960 DII.

772 4029 948 4108 Rmunan,
972 4029 1069 4094 Euan
1093 4045 1136 4093 or
1160 4029 1366 4109 Conanm,
1390 4045 1433 4093 ro
1457 4029 1588 4092 anar
1613 4027 1678 4092 ΙΙΙ.

1043 4166 1139 4232 (Royal
1150 4166 1398 4231 memnonos.)

529 4287 660 4371 deripio,
741 4283 1022 4349 Excellentissimo
1041 4284 1174 4348 domino
1195 4289 1229 4348 et
1250 4283 1354 4359 fratri,
1378 4282 1406 4347 si
1430 4281 1545 4368 placet,
1562 4281 1749 4356 reverendo,

530 4358 591 4403 ¹²⁵⁵
605 4356 627 4404 ‘¹
699 4385 882 4472 neuma,
906 4385 969 4451 nei
998 4385 1108 4472 gratia
1141 4385 1209 4472 regi
1241 4385 1382 4471 Angue,
1409 4384 1544 4450 domino
1567 4382 1749 4462 Hiberna»,

695 4488 770 4553 duci
789 4488 1002 4554 Normanniae
1026 4486 1251 4574 Aquitanniae,
1272 4487 1398 4573 [comiti
1423 4486 1650 4572 Aanegaviae,
1671 4507 1751 4549 suus

895 4755 901 4782 ¹
917 4751 1023 4819 Spoleti]
1042 4753 1150 4818 Spolete,
1168 4753 1225 4803 MS.

893 4832 903 4862 ²
912 4833 936 4880 in
944 4830 1109 4899 opprobrium]
1118 4832 1145 4882 in
1151 4833 1285 4906 opprinm,
1294 4831 1359 4890 MS,
1372 4829 1525 4894 apparently.

892 4913 902 4941 ¹
919 4910 966 4961 Sec
977 4911 1014 4962 BL
1026 4911 1106 4969 Perit,
1114 4927 1139 4976 p.
1151 4917 1208 4963 ⁹1³.
