4350 6442
584 1188 651 1252 302
740 1201 855 1253 sorar.
877 1200 950 1252 arn
972 1203 1088 1252 orara
1110 1201 1315 1254 rrrsromcm
1340 1203 1489 1254 armans

629 1376 725 1442 Testa
745 1399 821 1464 rege
843 1377 931 1465 apud
949 1377 1286 1456 Westmonasterium,
1302 1378 1422 1464 quinto
1443 1377 1571 1443 decimo
1585 1377 1634 1443 die

587 1478 754 1646 Mallill'em
788 1582 885 1647 modo
921 1581 1116 1649 mandatum
1154 1589 1205 1649 est
1235 1583 1399 1649 universis
1433 1587 1469 1649 et
1499 1582 1635 1669 singulis

585 1684 831 1750 vicecomitibus
853 1706 912 1771 per
933 1684 1098 1772 Angliam.

1063 2103 1159 2169 Dea

635 2246 766 2313 Hauar
789 2246 851 2314 ΙΙΙ.
874 2265 918 2313 ro
939 2265 1010 2315 rna
1032 2249 1198 2315 Bsurrrs
1221 2264 1296 2314 mro
1318 2247 1420 2314 Goon
1443 2245 1528 2311 Mau
1551 2261 1596 2311 or

1047 2351 1174 2417 Pooua

935 2498 1031 2563 (noyn
1042 2498 1148 2560 lettera
1159 2497 1208 2549 uo.
1223 2500 1292 2560 ras.)

419 2628 531 2694 aprus,
632 2620 803 2699 Henricus,
826 2622 889 2688 Dei
910 2623 1020 2709 gratia
1037 2618 1101 2688 iex
1123 2623 1264 2710 anglia,
1287 2620 1439 2686 dominus
1467 2617 1639 2684 Hibernis

421 2700 493 2747 ¹²⁶⁶‘
587 2727 621 2787 et
643 2723 713 2788 dux
735 2723 961 2810 Aquitanniae,
983 2723 1113 2791 dilectis
1135 2730 1170 2790 et
1192 2723 1346 2789 fidelibus
1367 2722 1435 2787 suis
1457 2720 1592 2787 ballivis
1606 2724 1640 2786 et

586 2825 698 2912 probis
719 2824 909 2892 hominibus
930 2827 997 2893 suis
1019 2827 1060 2893 de
1084 2828 1131 2892 La
1155 2827 1240 2904 Pole,
1265 2826 1415 2892 salutem.

420 2934 563 3015 meequn-
632 2927 714 2993 Cum
754 2927 829 2994 illos
866 2928 906 2994 da
940 2930 1102 3016 portubus
1136 2930 1179 2995 ad
1211 2929 1353 3017 gratiam
1388 2933 1423 2994 et
1453 2927 1496 2992 ad
1528 2947 1639 3013 paoem

419 3004 550 3119 ffibang
588 3035 733 3096 nostram
765 3030 964 3110 admisimus,
987 3054 1047 3121 per
1076 3032 1165 3119 quod
1197 3037 1393 3098 mercatores
1427 3029 1469 3095 de
1490 3027 1642 3116 partibus

418 3071 568 3199 simliter?
588 3134 818 3199 transmarinis
840 3140 876 3200 et
905 3135 979 3200 aliis
1001 3135 1080 3200 locis
1103 3134 1326 3220 undicumque
1351 3134 1388 3197 in
1408 3154 1547 3219 regnum
1569 3152 1644 3197 nos-

419 3202 570 3331 ffissm,
588 3242 680 3301 trum
703 3238 848 3302 securius
870 3237 1006 3302 venturi
1028 3237 1174 3302 suntad
1196 3236 1432 3325 negotiandum
1454 3234 1577 3300 ibidem
1601 3232 1642 3299 de

419 3337 568 3387 mtuonot
588 3337 685 3403 rebus
723 3343 758 3404 et
805 3337 1017 3404 mercandisis
1060 3339 1137 3417 suis,
1176 3339 1263 3405 sicut
1304 3344 1381 3404 ante
1418 3336 1644 3404 turbationem

419 3402 574 3535 {issa
588 3462 695 3527 nuper
727 3441 877 3507 habitam
911 3442 947 3506 in
977 3462 1079 3529 regno
1111 3447 1225 3507 nostro
1256 3440 1361 3506 facere
1393 3444 1644 3518 consueverunt,

419 3535 627 3653 ffiffiac
648 3542 798 3609 turbatio
821 3542 988 3630 praedicta,
1012 3542 1055 3608 ob
1083 3565 1182 3630 quam
1215 3547 1412 3608 mercatores
1433 3540 1556 3606 diversi
1573 3540 1643 3627 jac-

420 3669 512 3718 am
589 3649 682 3708 turns
716 3650 750 3710 et
772 3645 894 3711 damna
925 3645 1070 3711 enormia
1101 3668 1159 3733 per
1189 3645 1448 3732 depraedationes
1477 3642 1580 3708 tollas
1609 3646 1645 3708 et

589 3743 766 3811 homicidia
805 3747 1043 3828 sustinuerunt,
1082 3749 1231 3814 nondum
1269 3747 1312 3811 od
1349 3746 1481 3833 plenum
1519 3744 1646 3810 existam

588 3846 782 3933 pacificata3
811 3870 871 3915 nec
893 3850 1034 3916 velimus
1057 3851 1147 3937 quod
1168 3855 1365 3915 mercatores
1387 3846 1547 3935 predicti,
1569 3852 1646 3934 post

590 3954 641 4014 tot
664 3948 854 4016 discrimina
877 3952 923 4017 eis
946 3954 1113 4018 occasione
1135 3950 1337 4017 turbationis
1359 3950 1525 4037 praedictae
1539 3948 1644 4026 illata,

589 4051 727 4117 ulterius
749 4051 870 4118 damna
891 4055 1087 4134 sustineant,
1111 4077 1171 4119 nec
1204 4053 1419 4140 transgressio
1451 4051 1562 4138 aliqua
1591 4050 1643 4115 ln·

588 4152 717 4219 feratur
739 4154 872 4234 eisdem,
895 4157 1041 4222 maxime
1073 4178 1148 4221 curn
1184 4156 1212 4220 si
1247 4155 1404 4219 damnum
1438 4153 1575 4238 aliquod
1597 4151 1645 4218 eis

588 4256 630 4321 de
652 4262 759 4322 cetero
779 4279 837 4343 per
850 4258 980 4344 aliquos
995 4259 1031 4324 in
1054 4281 1156 4346 regno
1178 4263 1291 4323 nostro
1313 4256 1482 4333 inferatur,
1496 4255 1594 4321 nobis
1606 4260 1643 4322 et

588 4358 741 4424 fidelibus
757 4360 887 4438 nostris,
902 4383 1030 4426 necnon
1046 4367 1081 4427 et
1103 4361 1168 4427 toti
1186 4382 1286 4446 regno
1301 4364 1422 4437 nostru,
1436 4358 1474 4423 in
1496 4358 1643 4436 dedecus,

587 4460 785 4540 scandalum,
809 4466 844 4526 et
868 4462 1079 4550 opprobrium
1108 4463 1265 4549 imputari
1290 4461 1416 4526 valeret
1439 4460 1643 4547 temporibus

587 4562 727 4629 futuris:
750 4564 844 4630 vobis
866 4566 1067 4646 mandamus,
1091 4565 1126 4629 in
1142 4565 1216 4646 lide,
1231 4564 1392 4651 homagio,
1413 4569 1448 4629 et
1467 4562 1641 4629 dilectione

587 4665 705 4750 quibus
735 4665 831 4731 nobis
865 4667 1023 4734 tenemini
1056 4668 1196 4733 firmiter
1227 4666 1445 4753 injungentes,
1475 4671 1640 4751 quatenus

586 4790 659 4832 cum
690 4775 887 4835 mercatores
923 4772 1049 4857 aliquos
1085 4772 1129 4836 ad
1167 4769 1280 4835 villam
1319 4774 1463 4834 vestram
1501 4789 1558 4832 seu
1596 4767 1639 4833 ad

584 4876 695 4957 partes
718 4877 844 4937 vestras
866 4893 939 4938 cum
962 4873 1058 4938 rebus
1089 4879 1124 4938 et
1144 4871 1358 4937 mercandisis
1390 4871 1457 4935 suis
1480 4868 1632 4935 accedere

585 4974 765 5059 contingat,
789 4975 877 5060 ipsos
899 4975 935 5038 in
957 4973 1040 5038 villa
1060 4978 1175 5039 vostra
1205 4974 1379 5061 receptetis
1411 4973 1578 5038 curialiter
1601 4978 1636 5037 et

585 5075 733 5161 benigne,
749 5081 783 5139 et
805 5075 946 5160 aliquam
968 5074 1075 5141 locum
1097 5081 1222 5141 certum
1245 5076 1333 5142 infra
1347 5076 1461 5143 villam
1478 5081 1634 5152 vestram,
