4350 6442
575 1163 618 1225 28
736 1174 850 1224 novun
872 1173 947 1223 nun
970 1172 1085 1222 crura
1109 1170 1314 1223 nrsroruoan
1337 1173 1482 1221 tumens

575 1364 689 1409 versus
711 1344 936 1427 Berbizillum,
960 1345 997 1410 in
1018 1345 1101 1410 villa
1123 1345 1165 1411 de
1187 1345 1293 1412 Ponte
1316 1346 1437 1411 bonam
1470 1349 1506 1409 et
1539 1344 1627 1409 suffi-

407 1457 489 1507 where
500 1456 532 1506 Β.
574 1446 716 1512 cientem
748 1447 956 1513 dimittentes
977 1447 1205 1513 munitionem.
1251 1448 1325 1529 Sed,
1349 1446 1570 1513 incontinenti
1594 1451 1629 1511 et

405 1522 530 1640 {gfff
574 1548 688 1614 statim
719 1571 761 1614 ex
792 1571 856 1635 quo
886 1549 999 1614 villam
1029 1550 1201 1629 exivimus,
1225 1548 1427 1636 Reginaldus
1459 1549 1499 1613 de
1522 1548 1628 1613 Ponte

406 1664 483 1706 count
493 1656 524 1706 or
575 1649 695 1716 ‘Vale'
708 1650 803 1716 nobis
826 1651 945 1728 dicens,
968 1657 1003 1717 et
1023 1651 1102 1716 dato
1117 1651 1214 1716 nobis
1229 1651 1339 1716 osculo
1354 1650 1377 1714 J
1379 1649 1463 1725 udae,
1478 1650 1627 1715 fraudem

405 1722 561 1853 mg
574 1774 673 1838 quam
696 1754 898 1840 cogitaverat
913 1775 1008 1839 opere
1028 1752 1262 1830 manifestavit,
1285 1759 1319 1818 et
1342 1774 1449 1818 comes
1473 1752 1629 1819 Marchiae

405 1857 518 1937 enerat-
573 1854 734 1931 similiter,
758 1856 827 1943 regi
850 1854 999 1922 Franciae
1022 1856 1213 1921 adhaerens:
1247 1856 1295 1920 ita
1330 1856 1426 1941 quod,
1450 1855 1512 1919 nisi
1545 1854 1631 1919 sedi-

404 1931 563 2041 {2¹²3ssss
574 1957 700 2022 tionem
737 1979 850 2023 eorum
884 1963 919 2023 et
955 1957 1118 2023 malitiam
1151 1958 1370 2044 excogitatam
1409 1958 1538 2023 cautius
1574 1956 1630 2022 de·

404 2057 539 2108 ¹¹²0¹²¹²d⁸
573 2058 792 2137 clinassemus,
831 2065 904 2125 tota
940 2066 1035 2125 nocte
1084 2067 1118 2125 et
1164 2068 1236 2125 toto
1273 2060 1327 2125 die
1365 2060 1516 2125 iterando
1554 2080 1629 2123 cum

404 2124 528 2242 ffissh·
575 2162 723 2227 exercitu
746 2168 858 2226 nostro
881 2183 995 2226 versus
1018 2161 1178 2242 Blavianr,
1202 2163 1238 2226 in
1269 2183 1386 2226 manus
1421 2162 1501 2226 dicti
1534 2162 1630 2248 regis,

405 2258 660 2375 kinaghiehsicue
695 2263 732 2327 in
770 2264 880 2327 animo
917 2264 1118 2349 nequissime
1148 2273 1312 2351 ceperant,
1346 2285 1406 2329 nos
1447 2270 1482 2328 et
1515 2285 1630 2328 omnes

405 2340 483 2456 ἔρξῃ
493 2340 563 2457 {5⁸}
575 2370 703 2431 nostros
741 2364 963 2441 tradidissent,
995 2372 1153 2451 tanquam
1184 2365 1281 2432 famae
1319 2387 1388 2431 suae
1423 2364 1561 2452 prodigi,
1595 2370 1629 2430 ct

405 2458 530 2578 ffito
574 2466 746 2532 fidelitatis
775 2488 853 2542 sum,
876 2474 910 2532 et
940 2468 1138 2554 pactionum,
1164 2468 1251 2534 inter
1273 2488 1332 2532 nos
1363 2468 1630 2543 initamn1,ccn-

405 2592 493 2661 Blaye.
575 2575 762 2657 temptores.

404 2708 530 2761 weh„
628 2671 700 2737 Nos
721 2671 833 2758 igitur,
869 2692 942 2736 eum
981 2673 1051 2736 sine
1090 2671 1232 2758 periculo
1270 2693 1418 2758 personae
1447 2678 1569 2737 nostrae
1595 2678 1630 2736 et

405 2776 523 2855 ansere
575 2774 722 2839 omnium
745 2773 916 2839 nobiscum
940 2773 1163 2852 existentium,
1182 2776 1271 2840 inter
1287 2782 1420 2861 gentem
1443 2774 1534 2839 illam
1557 2774 1629 2840 Pie-

406 2844 537 2976 &2¹5⁰
574 2878 674 2943 taviae
697 2876 856 2963 perfidam
879 2882 912 2942 et
936 2876 1189 2941 inverecundam
1219 2898 1344 2942 mamm
1363 2877 1502 2942 ulterius
1524 2877 1629 2943 timere

573 3000 644 3045 non
668 3000 845 3067 possemus,
867 2978 910 3043 ad
941 2986 1049 3065 partes
1073 2978 1255 3044 Wasconiae
1288 3001 1348 3044 nos
1375 2979 1627 3059 transtulimus;

574 3082 610 3145 in
659 3080 780 3167 quibus
817 3101 892 3145 eum
930 3079 1049 3146 dilecto
1086 3082 1326 3168 consanguineo
1372 3091 1485 3146 nostro
1533 3081 1628 3166 R[ai-

573 3183 722 3269 mundo],
737 3183 855 3247 comite
878 3181 1028 3247 Tholossc
1053 3183 1208 3247 Marabina
1233 3182 1424 3263 Provincias,
1440 3183 1497 3269 qui
1512 3184 1555 3247 ad
1570 3206 1629 3248 nos

574 3285 788 3373 personaliter
824 3285 968 3362 accessit,
1006 3290 1186 3349 tractatum
1228 3284 1404 3350 habuimus
1441 3285 1482 3349 dc
1520 3289 1628 3350 status

573 3391 677 3455 nostri
723 3388 964 3464 reformatione,
1003 3395 1038 3453 et
1083 3388 1124 3452 de
1162 3386 1298 3453 consilio
1335 3387 1471 3475 agendis
1508 3388 1630 3452 nostris

573 3491 774 3578 apponendo.
821 3489 952 3566 Verum,
977 3494 1152 3576 postquam
1167 3511 1288 3574 aquam
1312 3489 1483 3575 Gyrundtc
1506 3491 1626 3554 transi-

573 3593 691 3669 vimus,
714 3592 850 3657 dimissa
871 3592 959 3656 bona
989 3593 1174 3657 munitione
1197 3591 1286 3678 apud
1317 3591 1478 3669 Blaviam,
1501 3613 1627 3655 moram

573 3694 709 3759 fecimus
741 3716 783 3758 cx
816 3694 965 3780 opposito
1003 3693 1149 3779 ejusdem
1187 3694 1286 3772 villae,
1324 3695 1403 3780 quia
1441 3694 1529 3758 idern
1567 3717 1626 3758 rex

574 3796 722 3861 Francia
745 3802 881 3861 venerat
912 3818 987 3861 cnm
1010 3796 1156 3861 exercitu
1179 3819 1239 3862 suo
1261 3819 1321 3883 pro
1345 3797 1425 3860 villa
1460 3797 1517 3861 ilia
1541 3797 1628 3861 ohsi-

573 3898 698 3977 ‹lenda;
721 3898 787 3973 sed,
810 3918 885 3962 cum
908 3898 1035 3963 dnobus
1058 3898 1209 3964 miliariis
1231 3923 1251 3963 a
1274 3898 1352 3964 villa
1377 3900 1449 3985 ipsa
1471 3900 1537 3964 sero
1568 3922 1627 3986 per

572 4000 761 4087 quindecim
791 3999 860 4065 dies
890 4021 1014 4065 mamm
1046 4000 1165 4066 faceret
1198 4002 1232 4065 in
1264 4002 1388 4081 castris,
1427 4022 1495 4067 non
1528 4023 1628 4065 ausrvs

572 4109 623 4169 cst
646 4103 796 4191 proprius
818 4102 979 4182 accedere,
1003 4102 1079 4167 licet
1107 4103 1157 4166 sui
1189 4102 1323 4168 interim
1345 4125 1419 4167 cum
1443 4104 1628 4168 munitione

573 4212 686 4272 nostra
706 4205 807 4270 fortes
833 4203 1025 4270 habuissent
1057 4204 1228 4270 conflictus
1240 4230 1249 4286 ;
1280 4210 1316 4269 et
1345 4206 1393 4269 sic
1416 4205 1548 4271 ‹lemum
1577 4227 1629 4270 re-

574 4331 687 4375 versus
709 4315 760 4374 est
783 4307 871 4372 idem
894 4328 954 4371 rex
975 4306 1019 4371 ad
1041 4312 1152 4394 partes
1174 4329 1257 4373 suas.

618 4410 724 4497 Super
746 4410 799 4473 his
821 4414 933 4474 vantem
949 4409 1152 4496 imperialem
1174 4408 1453 4496 magnificentiam
1473 4408 1629 4475 duximus

574 4513 829 4605 certificandnm,
842 4517 996 4597 rogantes
1018 4510 1181 4576 attentius
1205 4516 1375 4596 quatenus,
1391 4513 1419 4575 si
1443 4511 1523 4597 quid
1537 4511 1628 4577 aliud

574 4613 609 4677 in
625 4613 722 4679 svamm
736 4624 858 4679 nostrae
881 4614 1046 4678 laesionem
1063 4613 1104 4678 dc
1120 4634 1269 4700 processu
1291 4620 1414 4693 nostro,
1431 4635 1472 4678 ex
1491 4612 1629 4699 alicujus

574 4713 684 4779 aemuli
707 4715 812 4779 nostri
841 4713 1008 4800 figmento,
1029 4715 1167 4779 auribus
1189 4715 1309 4779 vestris
1332 4715 1523 4791 insonuerit,
1545 4714 1629 4780 illud

576 4836 635 4903 pro
656 4815 777 4880 frivolo
799 4820 836 4880 et
857 4816 994 4880 veritati
1016 4816 1182 4882 contrario
1204 4821 1358 4904 reputare
1373 4816 1493 4883 velitis.

410 4938 461 4989 We
471 4938 565 4990 uculo
613 4914 670 4981 Ad
685 4917 756 4982 hac
769 4917 942 4981 serenitati
957 4922 1079 4982 vestrae
1094 4918 1244 5005 cupimus
1259 4919 1463 4984 innotescere
1479 4918 1575 5004 quod,
1590 4919 1626 4983 in

406 5007 549 5124 ffiffl
578 5018 728 5107 partibus
743 5017 946 5105 Burgundivc
967 5019 1078 5105 plures
1101 5019 1276 5087 benevolos
1291 5026 1326 5087 et
1340 5022 1461 5086 amicos
1477 5028 1628 5107 potentes
