4350 6442
605 1176 669 1243 274
759 1188 875 1239 noran
896 1190 970 1238 sun
993 1190 1109 1238 orusn
1132 1184 1338 1238 nrsronlcss
1362 1190 1511 1239 amnne

439 1362 512 1477 wlff}
527 1365 728 1439 tran-habent
750 1364 786 1429 in
808 1364 932 1452 Anglia
953 1385 1021 1429 non
1043 1365 1171 1451 possint
1201 1364 1364 1430 adducere
1395 1366 1432 1429 in
1466 1363 1663 1429 Flandrism

439 1438 574 1546 melli
606 1467 772 1533 commode
809 1473 844 1532 et
881 1488 1000 1548 secane,
1038 1466 1300 1533 dominationem
1338 1473 1483 1533 vestram
1522 1466 1666 1532 attentis

606 1569 756 1657 precibus
777 1569 932 1659 deprecor
954 1574 988 1635 et
1009 1570 1149 1656 requiro,
1173 1576 1337 1656 quatenus
1366 1570 1494 1636 intuitu
1519 1568 1666 1655 justitiae

608 1678 642 1738 et
664 1673 803 1739 obtentu
835 1694 968 1759 precum
1001 1693 1149 1738 mearum
1177 1671 1296 1757 jubere
1329 1672 1412 1738 velit
1442 1676 1556 1737 vestra
1590 1670 1670 1737 sub-

607 1775 732 1841 limitas
768 1780 803 1841 et
837 1775 942 1841 facere
976 1776 1065 1861 quod
1099 1775 1181 1842 dicti
1215 1780 1419 1853 mercatores,
1451 1796 1527 1841 cum
1562 1794 1667 1861 regno

607 1876 766 1963 praedicto
819 1899 973 1964 prospera
1025 1878 1176 1945 succedet
1225 1878 1459 1965 tranquillitas,
1506 1881 1668 1964 operante

608 1979 761 2060 Domino,
784 1985 825 2045 ut
848 1980 992 2047 affecto¹
1016 2001 1089 2046 cum
1112 1982 1208 2048 bonis
1230 1983 1298 2048 suis
1328 1981 1498 2046 indemnes
1527 1980 1668 2045 valeant

608 2081 650 2146 ad
672 2082 807 2170 propria
828 2105 981 2161 remeare,
1005 2083 1122 2149 scituri
1145 2084 1234 2170 quod
1256 2089 1371 2171 gentes
1393 2083 1488 2171 regni
1510 2081 1668 2170 pmdicti

607 2185 644 2248 in
666 2190 754 2250 terra
776 2186 943 2252 Flandriae
966 2207 1040 2251 eum
1063 2186 1242 2252 bonissuis
1263 2187 1364 2252 salvae
1387 2190 1466 2251 sunt
1480 2184 1610 2273 pariter
1633 2190 1670 2249 et

607 2309 737 2353 asemas.
785 2287 941 2355 Ceterum
963 2288 987 2354 J
988 2289 1091 2355 aeobo
1113 2289 1229 2356 clerieo
1243 2312 1316 2355 meo
1333 2290 1433 2355 latori
1447 2288 1668 2376 praesentinm

607 2390 738 2455 credere
759 2391 843 2456 velit
865 2396 977 2456 vestra
998 2391 1157 2459 celsitudo
1179 2393 1271 2481 regia
1293 2414 1390 2479 snper
1403 2390 1455 2457 his
1477 2412 1554 2478 quse
1570 2390 1670 2457 vobis

608 2492 733 2558 dixerit
754 2492 795 2557 de
817 2494 998 2579 praemissis

654 2595 780 2661 Datum
802 2618 891 2662 anno
914 2596 1049 2662 Domini
1073 2597 1247 2664 millesimo
1282 2597 1504 2663 ducentesimo
1528 2616 1669 2684 sexage-

609 2698 691 2762 simo
714 2702 840 2785 quarto,
863 2697 1039 2765 Dominica
1060 2706 1137 2788 post
1159 2700 1417 2767 Decollationem
1441 2700 1478 2767 B.
1499 2698 1669 2765 Johannis

610 2799 780 2886 Baptistae.

1038 3117 1246 3184 ucxxvn.
1319 3099 1328 3119 ’

610 3250 767 3319 erous
789 3250 928 3318 Dmrrs
949 3268 1017 3318 roa
1039 3252 1195 3319 Lsrrsss
1219 3252 1358 3318 Parnm
1380 3268 1424 3317 or
1447 3250 1583 3318 Hsunr
1600 3248 1665 3317 111.

965 3372 1040 3420 sun
1061 3374 1133 3421 rus
1155 3356 1307 3423 Bssons

925 3478 1049 3543 (Chapter
1060 3480 1147 3531 llouse
1159 3479 1346 3544 Miscellanea.)

1103 3585 1161 3669 (1.)

442 3731 530 3781 About
655 3708 728 3772 Rex
750 3713 784 3773 et
806 3708 945 3774 barones
967 3710 1129 3788 omnibus,
1153 3714 1212 3773 etc.
1260 3708 1344 3775 Cum
1368 3710 1539 3774 internos
1562 3730 1663 3795 super

442 3800 510 3862 Sept
525 3803 547 3861 ¹›
610 3810 786 3895 praeteritis
820 3834 1012 3899 guerrarum
1045 3810 1288 3877 discriminibus
1311 3812 1462 3898 quadam
1496 3811 1663 3877 ordinatio

441 3868 596 4022 idiismby
609 3934 666 3978 seu
699 3913 803 3977 sonna
836 3914 924 4000 pacis
956 3914 997 3978 de
1028 3920 1144 3979 nostro
1178 3937 1215 3979 ac
1247 3913 1458 4001 praelatorum
1493 3934 1531 3979 ac
1557 3914 1663 3979 atius

441 4038 515 4087 agree
526 4034 553 4075 t⁰
609 4022 855 4087 communitatis
870 4022 963 4109 regni
980 4022 1112 4109 Anglire
1128 4021 1277 4087 unanimi
1294 4022 1467 4088 voluntate
1481 4025 1517 4085 et
1530 4042 1664 4087 assensu

440 4092 588 4210 giam„
608 4124 659 4189 his
697 4124 812 4189 diebus
845 4125 984 4211 provida
1021 4124 1258 4190 deliberatione
1296 4126 1382 4190 inita
1414 4124 1525 4203 fuerit,
1564 4146 1662 4210 quarn

440 4223 562 4341 mos
608 4229 725 4313 utique
749 4228 820 4293 Deo
843 4234 1009 4315 acceptam
1031 4234 1066 4294 et
1089 4229 1184 4294 nobis
1207 4251 1245 4294 ae
1267 4250 1369 4316 regno
1392 4224 1477 4313 ipsi³
1500 4226 1664 4293 credimus

440 4357 587 4409 andnu-
608 4336 827 4418 opportunam
839 4356 848 4411 ;
870 4332 949 4417 quia
970 4338 1082 4397 tamen
1117 4331 1221 4416 aliqui
1244 4330 1323 4396 facti
1346 4331 1522 4396 veritatem
1555 4330 1664 4395 minus

440 4423 566 4477 bimam.
607 4434 701 4519 plene
739 4433 973 4521 intelligentes,
1024 4433 1267 4499 ordinationem
1324 4433 1428 4519 ipsam
1473 4453 1531 4499 seu
1576 4432 1665 4520 pacis

607 4535 745 4601 formam
767 4538 877 4602 minus
899 4537 1114 4603 sufficientem
1145 4540 1333 4614 asserentes,
1356 4534 1555 4623 quibusdam
1586 4534 1666 4601 arci-

607 4640 688 4704 culis
719 4641 753 4703 in
789 4641 903 4705 eudem
938 4641 1081 4721 insertis,
1115 4645 1214 4727 prout
1248 4639 1378 4718 dieitur,
1411 4636 1559 4704 contenti
1597 4658 1666 4704 non

637 4789 794 4798 --———-
808 4792 837 4798 -—
868 4792 1034 4799 ..ι--ι--ι-
1060 4792 1075 4799 .-
1105 4790 1404 4799 σ---ᾐ---ιη--υ

641 4864 647 4892 ¹
666 4861 768 4928 offerus]
788 4862 823 4913 So
835 4862 890 4914 MS.
1160 4868 1231 4914 126⁴.
1250 4863 1297 4916 See
1306 4862 1408 4928 Rymer,
1416 4861 1433 4911 i.
1443 4878 1467 4926 p.
1476 4866 1539 4920 446;
1547 4860 1662 4919 Elam,

639 4940 747 4991 ²'l'hesc
770 4956 862 5006 appear
884 4950 911 4993 to
934 4942 1036 4995 contain
1064 4944 1107 4993 the
1158 4959 1182 5006 p.
1195 4948 1251 4994 210.

605 5019 658 5069 first
677 5022 805 5085 propcsals
816 5022 855 5069 for
873 5022 917 5071 the
935 5022 1103 5089 negotiatione
1191 5022 1277 5089 ἰ’ρει]
1298 5022 1373 5072 nster
1384 5020 1434 5071 this
1446 5018 1504 5072 MS.
1518 5020 1565 5071 has
1585 5018 1663 5071 stila

604 5098 689 5150 which
711 5114 776 5152 were
799 5099 896 5151 carried
918 5110 961 5152 out
991 5102 1018 5152 in
1038 5102 1107 5167 Sept.
1156 5105 1249 5154 erased
