4350 6442
605 1216 854 1268 mnusrmnvn
876 1217 920 1265 or
942 1217 1013 1266 nnn
1036 1217 1143 1266 amos
1168 1216 1211 1266 or
1235 1216 1355 1267 nnusr
1378 1217 1430 1269 111.
1478 1203 1540 1266 201

491 1411 603 1456 onmes
618 1391 768 1456 homines
782 1411 937 1476 guerram
959 1394 996 1455 et
1018 1411 1141 1476 paoem,
1156 1396 1191 1456 et
1209 1390 1387 1457 fortalitias
1409 1389 1546 1456 reddere
1558 1405 1650 1456 monui

491 1498 602 1559 vestre
624 1493 745 1558 nuntio
778 1513 854 1557 oum
888 1492 1078 1558 eelsitudini
1102 1497 1222 1558 vestrae
1256 1492 1425 1558 videbitur
1447 1515 1544 1579 expe·
1558 1472 1672 1603 {tw

490 1594 571 1674 dire,
594 1599 694 1682 prout
716 1595 826 1659 onmia
847 1593 914 1658 ieta
935 1600 969 1659 et
991 1593 1089 1680 plura
1111 1594 1177 1659 elia
1198 1596 1240 1660 ad
1264 1595 1349 1660 hone
1371 1594 1543 1661 materiam
1559 1607 1684 1669 ρωποι

490 1696 655 1774 facientia,
684 1697 726 1761 de
767 1695 926 1760 mandate
965 1696 1112 1780 ejusdem
1154 1696 1294 1775 comitis,
1324 1718 1432 1762 eoram
1473 1687 1617 1763 toteyolk

491 1804 601 1864 vestro
623 1798 758 1864 consilio
782 1796 960 1883 aliqnando
990 1798 1203 1885 exposuimus
1225 1799 1304 1865 viva
1326 1820 1412 1865 vooe.

537 1899 587 1965 Ea
610 1901 651 1965 de
675 1922 772 1965 eausa
794 1899 1007 1965 serenitatem
1033 1904 1181 1966 vestram
1207 1923 1361 1988 rogamus
1383 1905 1546 1987 quantum

493 2024 672 2089 possumus,
696 2003 785 2068 bona
811 2001 884 2078 fide,
908 2001 936 2066 si
963 2001 1059 2067 vebis
1084 2001 1200 2089 planet,
1224 2002 1441 2069 nihilominus
1473 2025 1549 2070 eon-

493 2104 639 2170 sulentes
661 2110 825 2190 quatenus
857 2102 1038 2169 deliberato
1070 2104 1206 2170 oonsilio
1238 2106 1275 2169 in
1309 2105 1371 2171 hoe
1392 2105 1480 2171 sacto
1514 2111 1549 2171 et

492 2207 574 2272 alibi
597 2206 655 2272 ubi
679 2205 830 2294 poteritis
851 2204 973 2271 amicos
999 2211 1033 2271 et
1055 2205 1206 2271 subditos
1229 2206 1396 2292 acquirere
1418 2208 1550 2273 studea-

496 2309 548 2387 tis,
579 2309 637 2396 qui
668 2330 728 2375 suo
758 2308 830 2373 loeo
859 2312 895 2373 et
933 2313 1081 2394 tempore
1113 2307 1321 2375 inimieorum
1363 2315 1548 2375 vestrorum

493 2411 691 2499 superbiam,
721 2409 945 2496 iniquitatem,
976 2415 1012 2475 et
1042 2410 1204 2476 malitiam
1242 2410 1314 2479 viee
1352 2417 1472 2493 vestre,
1510 2418 1550 2478 ut
1629 2459 1633 2467 -

493 2513 586 2579 decet
612 2517 746 2578 tentum
771 2510 962 2598 principem,
994 2515 1131 2577 strenue
1161 2511 1291 2599 possint
1319 2512 1485 2600 repellere,
1515 2521 1550 2581 et

494 2638 567 2681 cum
602 2614 766 2679 aviditate
799 2613 903 2678 enimi
935 2613 1087 2680 refutare.
1146 2613 1261 2681 Mittet
1293 2615 1382 2681 enim
1416 2617 1459 2682 nd
1492 2639 1550 2683 ves

492 2716 664 2783 dominum
688 2714 889 2780 Willelmum
913 2716 1105 2797 Bonviardi,
1124 2716 1234 2782 virum
1257 2717 1434 2783 honestum
1457 2724 1492 2785 et
1514 2719 1550 2785 in

493 2818 636 2905 negotiis
668 2817 848 2904 plurimum
882 2818 1167 2905 circumspectum,
1199 2818 1256 2905 qui
1294 2819 1430 2886 nomine
1467 2821 1549 2887 dicti

492 2920 624 2986 winilis
647 2924 791 2985 vestram
814 2920 962 3006 perficiet
984 2921 1174 2987 omnimodo
1198 2921 1416 2989 voluntatem.

537 3026 592 3090 Ad
615 3026 684 3091 haeo
700 3025 860 3090 noveritis
874 3047 934 3091 nos
956 3048 1025 3091 esse
1047 3025 1084 3090 in
1108 3032 1197 3092 terra
1219 3026 1412 3092 nativitatis
1428 3035 1550 3094 nostae

494 3132 627 3216 paratos
650 3150 709 3214 pro
732 3127 826 3193 vobis
861 3149 1025 3214 exponere
1059 3150 1121 3193 nos
1158 3135 1192 3194 et
1215 3135 1339 3206 nostra,
1364 3130 1436 3195 sine
1458 3132 1550 3195 omni

494 3230 709 3296 distinctione
732 3235 768 3295 et
790 3229 986 3305 differentia,
1009 3229 1038 3294 si
1071 3229 1166 3295 nobis
1189 3231 1352 3296 duxeritis
1375 3230 1549 3319 injungen-

495 3333 582 3398 dum.

944 3757 1116 3825 utxvll.

497 3905 574 3971 Tun
597 3905 709 3971 Paroa
731 3922 805 3971 ann
829 3906 997 3972 Couvmr
1028 3922 1073 3971 or
1096 3905 1149 3971 Sr.
1174 3905 1342 3986 Sarrum,
1368 3904 1552 3972 Wruouns-

834 4023 910 4085 ran,
933 4025 976 4073 ro
1000 4009 1130 4072 Hmsr
1154 4006 1221 4075 ΙΙΙ.

848 4154 944 4218 (Royal
954 4153 1060 4213 Iaetters,
1072 4153 1121 4203 No.
1131 4155 1202 4216 597.)

543 4266 831 4332 Excellentissimo
853 4267 996 4354 principi
1018 4266 1154 4333 domino
1179 4265 1333 4342 Henrioo‚
1357 4265 1421 4330 Dei
1442 4266 1553 4352 gratia
1566 4281 1653 4331 auom

496 4370 617 4434 illustri
649 4368 719 4455 regi
742 4369 884 4456 Angliae,
908 4369 1043 4434 domino
1067 4369 1263 4455 Hyberniae,
1290 4372 1325 4433 et
1347 4367 1424 4432 duei
1446 4368 1551 4452 Aqui·
1567 4350 1647 4399 ¹²⁶¹·'

497 4471 630 4548 tenniae,
669 4470 721 4535 sui
759 4471 872 4536 devoti
910 4494 948 4536 ae
987 4470 1127 4536 humiles
1163 4470 1225 4535 filii
1264 4470 1425 4535 Rimnlus
1462 4469 1552 4556 prior

497 4574 631 4638 humilis
663 4573 805 4639 ecclosim
837 4573 869 4639 S.
894 4573 1041 4639 Swithin
1065 4572 1305 4637 wintoniensis
1339 4578 1374 4638 et
1404 4571 1549 4657 ejusdem

496 4676 558 4742 loci
593 4681 783 4753 eonventuS,
818 4698 979 4761 prospere,
1003 4674 1146 4762 paeiflee,
1169 4678 1204 4738 et
1234 4673 1292 4738 diu
1329 4673 1441 4739 vivere
1476 4696 1550 4739 cum

496 4780 609 4843 salute.

766 5106 771 5135 ¹
791 5103 888 5169 llishop
900 5104 1015 5155 ademar
1025 5102 1082 5155 died
1093 5100 1155 5154 Dee.
1168 5108 1192 5163 ⁴,
1207 5107 1277 5153 luto.
