4350 6442
614 1160 863 1215 unumaanvn
885 1162 930 1212 01
952 1163 1024 1212 rna
1045 1164 1152 1214 nmen
1175 1164 1364 1215 0111111101
1388 1166 1437 1216 111.
1510 1150 1553 1220 73

538 1352 653 1439 Super
680 1350 733 1416 his
762 1355 878 1416 autem
905 1355 940 1415 et
962 1349 1036 1414 aliis
1059 1349 1309 1436 gravaminibus
1331 1349 1427 1416 nobis
1449 1350 1554 1430 lactis,

490 1462 532 1521 ct
556 1453 701 1519 maxime
722 1474 820 1540 super
842 1450 937 1517 tallia
952 1473 1050 1538 quam
1072 1450 1189 1516 ballivi
1212 1451 1294 1517 dicti
1317 1451 1446 1516 comitis
1460 1451 1556 1516 nobis

489 1556 674 1637 faciebant,
705 1577 779 1621 cum
815 1576 876 1620 nos
909 1554 1012 1619 simus
1042 1552 1138 1619 liberi
1172 1555 1350 1641 burgenses
1383 1555 1487 1619 vestri
1521 1557 1555 1619 et

491 1679 671 1744 nunquam
693 1658 820 1724 talliam
844 1656 995 1722 dedimus
1021 1677 1128 1742 nequa
1160 1657 1239 1721 dare
1273 1657 1456 1733 debeamus,
1481 1660 1555 1721 tota

493 1766 614 1826 nostra
642 1761 862 1826 communitas
894 1764 985 1825 mota
1018 1759 1092 1824 fnit
1146 1759 1199 1836 Et,
1233 1760 1388 1846 quicquid
1418 1760 1555 1838 dicatur,

495 1860 600 1949 regiae
625 1861 813 1929 celsitudini
843 1861 892 1926 rei
916 1862 1094 1927 veritatem
1117 1861 1342 1927 certificemus.

545 1963 677 2031 Accidit
718 1970 831 2031 autem
871 1962 958 2049 quod
997 1967 1071 2028 toto
1109 1963 1229 2050 populo
1268 1963 1389 2030 dictam
1426 1964 1554 2029 talliam

497 2069 667 2145 renuente,
692 2065 828 2151 quidam
863 2065 904 2130 de
939 2063 1157 2151 burgensibus
1188 2065 1309 2131 nostris
1340 2066 1398 2151 qui
1427 2066 1553 2132 talliam

496 2172 645 2237 fecerant
675 2177 710 2238 et
732 2171 805 2237 fieri
827 2177 1096 2258 procuraverant,
1120 2177 1220 2258 prout
1243 2173 1370 2249 scimus,
1401 2172 1555 2238 timentes

495 2273 666 2361 populmn,
688 2280 832 2340 castrum
854 2279 1003 2339 vestrum
1035 2274 1077 2338 de
1100 2274 1227 2360 Regula
1260 2296 1335 2340 cum
1364 2275 1465 2339 armis
1487 2276 1555 2340 suis

496 2380 536 2442 et
566 2377 719 2442 omnibus
750 2375 927 2441 mobilibus
960 2375 1048 2441 clara
1074 2376 1137 2454 dic,
1161 2377 1295 2442 vidente
1329 2382 1402 2443 1010
1424 2378 1554 2464 populo,

496 2478 730 2558 intraverunt3
771 2477 862 2541 1111110
907 2482 1018 2543 autem
1064 2479 1106 2543 dc
1152 2479 1273 2564 populo
1318 2480 1364 2544 eis
1409 2480 1554 2565 aliquam

497 2579 671 2647 molestam
695 2579 873 2647 inferendo.
920 2581 965 2646 Et
988 2580 1112 2657 statim,
1129 2579 1207 2644 dum
1224 2580 1359 2646 fuerunt
1381 2582 1416 2646 in
1439 2587 1555 2659 castro,

500 2681 635 2769 quidam
658 2705 770 2749 eorum
801 2706 875 2750 cum
906 2683 1007 2748 armis
1037 2683 1105 2748 suis
1132 2704 1189 2768 per
1220 2705 1375 2770 magnam
1408 2686 1554 2771 placeam

499 2785 732 2852 ‹liscurrerunt
790 2785 915 2873 Populo
946 2807 1024 2850 vero
1054 2785 1090 2848 in
1121 2785 1281 2850 cimiterio
1311 2792 1407 2852 extra
1439 2787 1554 2851 villam

498 2886 671 2965 existente,
694 2910 768 2954 cum
794 2889 964 2954 audissent
990 2887 1077 2973 ipsos
1108 2887 1288 2954 discurrere
1319 2911 1378 2974 per
1399 2889 1554 2976 placeam,

498 2989 616 3054 villam
648 2990 868 3055 intraverunt.
926 2990 971 3054 Et
1003 2990 1118 3053 statim
1151 2988 1187 3052 in
1221 2989 1383 3076 principio
1420 2991 1555 3055 suerunt

498 3092 622 3157 mortui
646 3092 712 3158 duo
737 3092 914 3179 burgenses
940 3092 981 3156 de
1004 3091 1240 3156 communitate
1262 3098 1382 3156 nostra

545 3194 591 3258 Et
612 3194 672 3260 1100
695 3195 820 3260 sactum
846 3195 961 3259 statim
977 3194 1058 3258 scire
1083 3193 1219 3257 fecimus
1234 3193 1366 3257 dominc
1390 3193 1555 3260 Willelmc

500 3295 638 3382 Pigorel,
661 3297 718 3383 qui
742 3297 829 3361 vices
852 3296 977 3360 domini
1011 3295 1142 3360 comitis
1166 3294 1363 3379 Leycestriae
1394 3295 1429 3358 in
1462 3295 1555 3361 Was-

500 3398 595 3462 conia
616 3398 758 3483 gerebat.
818 3397 1041 3463 Credebamus
1065 3397 1153 3460 enim
1177 3396 1367 3482 peripsum
1391 3395 1412 3459 h
1429 3447 1553 3464 ......

501 3500 706 3585 [euren]dari.
754 3500 830 3585 Ipsc
860 3521 939 3565 vcro
962 3520 1035 3564 cum
1068 3499 1235 3563 debuisset
1257 3499 1371 3564 venire
1394 3503 1553 3584 tanquam

500 3603 654 3667 dominus
676 3601 831 3688 pacificus
860 3611 894 3666 et
916 3601 1088 3688 benignus
1112 3601 1207 3666 venit
1229 3623 1302 3666 cum
1326 3602 1473 3667 exercitu
1494 3625 1554 3669 suo

500 3715 535 3773 ct
557 3709 671 3773 villam
694 3698 849 3772 vestram
862 3707 992 3772 obsedit
1014 3756 1277 3772 .........
1302 3708 1555 3794 Burdegalensis

500 3810 769 3897 archiepiscopus,
783 3808 921 3874 audiens
936 3809 1050 3873 villam
1074 3814 1217 3874 vestram
1241 3809 1277 3873 in
1300 3814 1396 3875 101110
1411 3811 1554 3896 periculo

500 3912 705 3990 existentem,
721 3933 834 3998 pacem
861 3912 950 3976 inter
972 3932 1034 3975 nos
1057 3917 1092 3976 et
1114 3910 1188 3975 illos
1212 3911 1269 3996 qui
1285 3918 1380 3976 010111
1395 3912 1432 3975 in
1447 3919 1554 3977 castro

501 4013 562 4079 feci
577 4064 957 4079 .............
969 4013 1117 4097 juratae
1140 4018 1212 4078 toto
1227 4014 1348 4100 populo
1364 4018 1398 4078 et
1421 4014 1571 4107 dominox

502 4115 668 4180 Willelmo
707 4114 846 4201 Pigorcl.
903 4114 945 4178 In
979 4114 1124 4179 crastino
1159 4136 1237 4180 vero
1274 4115 1362 4180 idem
1400 4100 1559 4180 dominus

502 4218 686 4282 Willelmus
717 4217 854 4304 Pigcrel,
879 4239 952 4282 cum
976 4238 1035 4281 suo
1058 4217 1216 4296 exercitu,
1239 4215 1299 4282 vill
1322 4266 1516 4283 .......
1546 4266 1554 4282 .

501 4370 696 4386 .......
721 4342 741 4384 a
771 4320 867 4384 nobis
898 4317 984 4397 feeit,
1009 4319 1044 4382 in
1079 4318 1310 4384 interfectione
1342 4318 1554 4404 burgensium

500 4429 683 4487 vastrorum
715 4427 751 4486 01
781 4421 1006 4487 combustione
1044 4421 1216 4486 domorum
1247 4424 1282 4485 01
1311 4419 1483 4485 vinearum
1517 4443 1555 4488 ac

500 4524 652 4588 arborum
669 4523 840 4601 decisione,
857 4522 947 4608 quod
962 4571 1553 4591 ...................

501 4647 560 4711 per
582 4630 688 4690 totam
712 4624 855 4711 patriam
892 4624 952 4689 hoc
975 4622 1094 4689 fuisset
1125 4623 1344 4710 divulgatum.
1390 4624 1555 4691 Dominus

501 4777 691 4792 .......
724 4727 861 4803 enensis,
872 4726 1069 4792 collateralis
1091 4732 1211 4804 noster,
1228 4733 1388 4811 tanquam
1410 4726 1498 4793 bono
1520 4734 1555 4795 et

501 4876 1312 4894 ..........................
1337 4828 1497 4894 internos
1519 4834 1554 4896 et

502 4931 575 4995 illos
598 4931 655 5015 qui
679 4936 774 4995 crant
797 4931 833 4993 in
857 4937 963 4995 castro
986 4930 1026 4995 de
1050 4952 1110 5017 pac
1126 4980 1410 4996 ..........
1426 4931 1552 5018 accipit.

505 5031 652 5097 Recedon
669 5081 1338 5100 .......................
1362 5054 1401 5097 us
1424 5031 1554 5118 Pigorel
