4350 6442
604 1148 645 1211 64
759 1159 875 1211 nonna
896 1160 970 1209 Ano
993 1160 1110 1209 omnm
1132 1159 1339 1209 nrsronrrnn
1362 1159 1511 1209 inmens

602 1333 711 1401 dictus
742 1333 912 1411 Marednd,
935 1356 1010 1401 cum
1043 1355 1104 1401 noe
1135 1335 1293 1401 traxisset
1319 1335 1356 1399 in
1378 1354 1510 1399 eausam
1546 1352 1658 1399 coram

601 1436 697 1502 honae
719 1437 915 1522 m[emor]iae
937 1437 1057 1503 abbate
1072 1436 1208 1503 Cestrim
1232 1442 1266 1503 et
1282 1435 1416 1502 domino
1432 1434 1478 1501 H„
1501 1432 1657 1501 Turhock

601 1537 844 1603 constabulario
882 1539 981 1605 castri
1020 1539 1166 1619 (lestriae,
1204 1539 1347 1626 recipere
1384 1560 1405 1604 a
1441 1536 1537 1602 nobie
1574 1535 1659 1603 aliae

601 1641 769 1708 refutavit.
816 1641 959 1710 Tantum
985 1640 1089 1728 igitur
1113 1663 1210 1728 super
1236 1641 1306 1718 hoc,
1344 1640 1373 1705 ni
1403 1640 1520 1727 placet,
1550 1639 1658 1705 facere

600 1743 783 1829 dignemini
798 1744 887 1828 quod
911 1766 953 1809 ex
968 1745 1128 1830 dev[otis]
1150 1744 1325 1811 reddamur
1348 1743 1533 1809 devotiores
1555 1740 1657 1809 etad

600 1845 757 1932 obsequia
778 1845 1002 1932 promptiores.
1049 1847 1120 1913 Nec
1142 1846 1250 1925 debet,
1274 1852 1314 1911 ut
1336 1844 1506 1924 credimus,
1537 1844 1658 1930 eliquia

600 1971 698 2034 quem
729 1970 790 2015 vos
819 1947 1003 2014 statueritis
1033 1971 1092 2035 pro
1124 1949 1219 2015 nobis
1250 1948 1407 2014 incensa
1428 1952 1521 2013 mota
1541 1951 1658 2013 contra

600 2072 661 2116 noe
682 2050 835 2117 advocati
858 2049 1001 2117 officinm
1024 2072 1174 2117 exercere
1198 2051 1282 2136 [vel]
1307 2051 1459 2136 allegare,
1472 2049 1530 2115 aod
1545 2048 1658 2135 potius

601 2153 734 2240 pacifico
765 2152 881 2219 audire
915 2152 1062 2238 querelae
1097 2160 1132 2221 et
1169 2153 1317 2221 diffinire.
1367 2153 1434 2219 Diu
1473 2151 1585 2217 valeat
1622 2158 1658 2217 44

601 2257 714 2340 vigeat
737 2255 931 2323 excellentia
953 2260 1065 2323 vestra
1087 2256 1122 2320 in
1148 2256 1298 2323 Domino.

1016 2793 1233 2860 cccclxx.

601 2963 730 3029 Hnnar
752 2961 819 3031 ΙΙΙ.
842 2979 886 3028 ro
908 2978 978 3029 nnn
1001 2961 1157 3029 Sunnrnr
1181 2980 1225 3029 or
1248 2963 1390 3031 Sunnrr
1414 2979 1488 3029 nnn
1510 2964 1653 3031 susm,

942 3120 1037 3186 (hoyn
1049 3121 1155 3185 lettere,
1167 3121 1220 3172 No.
1232 3124 1305 3187 444.)

432 3283 500 3348 Sept.
514 3291 552 3349 rr,
643 3271 817 3348 Henricus,
851 3269 914 3335 Dei
945 3271 1054 3356 gratia
1092 3292 1151 3337 rex
1184 3271 1325 3357 Angliae,
1363 3276 1433 3348 444,
1467 3271 1653 3339 vicecomiti

434 3354 506 3405 ¹²⁵¹·
599 3374 740 3441 Surreieo
763 3378 797 3438 et
821 3372 1166 3450 Srmsexiae,salnten1.

434 3492 585 3556 Repairanu
643 3477 855 3562 Praecipimua
879 3476 942 3541 tibi
973 3476 1060 3561 quod
1096 3476 1185 3563 apud
1217 3475 1399 3543 Guldelonl
1431 3482 1544 3564 postes
1567 3478 1653 3544 aulen

431 3559 553 3687 fficffi
599 3585 720 3645 nostrae
758 3580 816 3664 qui
854 3578 1012 3645 deficiunt
1046 3579 1170 3644 ibidem
1208 3579 1375 3645 emendari
1411 3587 1445 3646 et
1482 3580 1524 3645 do
1558 3581 1653 3645 honio

431 3692 558 3773 hutnore,
599 3680 765 3766 lapidibus
788 3681 829 3745 de
854 3681 1005 3767 Reygate
1029 3681 1204 3757 sublevari,
1228 3690 1261 3746 et
1286 3681 1423 3747 eandem
1447 3682 1567 3759 aulam,
1592 3683 1651 3747 uhi

430 3758 556 3878 3de
600 3804 728 3847 necesse
749 3783 858 3859 suerit,
882 3784 1036 3869 reparari,
1059 3783 1336 3869 dispensatorium
1371 3790 1406 3850 et
1437 3784 1651 3850 lintellariunr

598 3884 765 3970 cooperiri,
787 3890 822 3950 et
845 3885 880 3949 in
903 3892 1045 3971 utroque
1077 3908 1177 3950 unam
1202 3908 1321 3951 novam
1356 3885 1533 3953 fenestram
1568 3887 1651 3967 fieri,

597 3992 632 4052 44
654 3992 765 4052 totum
792 3987 961 4053 cumulum
994 4009 1131 4054 camerae
1164 3994 1288 4055 nostrae
1320 3988 1360 4053 de
1393 4011 1481 4055 novo
1505 3988 1653 4075 quinquo

597 4088 735 4175 pedihus
757 4088 936 4172 nlt[iore]1n
960 4088 1042 4166 fieri,
1065 4096 1101 4155 et
1123 4112 1235 4155 muros
1258 4090 1404 4175 ejusdem
1428 4090 1581 4170 exaltari,
1602 4090 1653 4155 ita

596 4192 684 4277 quod
707 4192 743 4256 in
778 4192 825 4255 eie
859 4190 930 4255 fieri
953 4192 1082 4277 possint
1117 4202 1184 4257 tres
1218 4192 1368 4258 fenestrae
1401 4193 1517 4259 vitreae
1547 4193 1653 4259 conei-

596 4295 691 4360 milee
715 4315 810 4360 novae
833 4293 986 4361 fenestrae
1008 4295 1045 4360 in
1068 4295 1183 4361 eodem
1207 4295 1382 4381 [thallamo
1413 4318 1517 4382 nuper
1547 4294 1651 4373 sectio,

596 4403 630 4463 et
652 4397 811 4462 seneetrae
834 4395 907 4461 illae
923 4397 1010 4463 ferro
1026 4397 1110 4463 bene
1126 4398 1260 4475 lauari,
1277 4406 1311 4463 44
1327 4398 1452 4464 dictum
1468 4398 1652 4465 thelonium

595 4499 752 4563 scindulis
786 4499 942 4585 cooperiri
975 4505 1010 4563 et
1032 4500 1236 4566 lambriscari
1260 4500 1397 4567 i'aeiatia
1444 4500 1650 4567 Tresanciarn

595 4601 683 4667 iuter
713 4602 821 4666 aulam
858 4607 893 4667 44
931 4600 1117 4667 thalamum
1152 4603 1348 4689 pradictum
1380 4604 1584 4670 lambriscari
1616 4612 1651 4669 et

595 4702 734 4789 desuper
757 4702 874 4779 texnri,
898 4709 932 4769 et
955 4703 989 4767 in
1014 4706 1129 4771 eadem
1145 4707 1307 4772 tresancia
1322 4707 1474 4773 meliores
1490 4707 1651 4773 fenestrae

594 4806 675 4885 fieri,
690 4811 725 4871 et
747 4804 885 4871 thalami
901 4805 1103 4873 lambriseati
1119 4809 1160 4873 de
1176 4809 1276 4875 viridi
1293 4808 1399 4875 colore
1415 4809 1649 4897 depingantur.

596 4908 696 4973 Brauon
717 4907 899 4995 gardereha
923 4909 1062 4975 thalami
1092 4911 1248 4977 Edwardi
1282 4913 1343 4977 lilii
1368 4913 1473 4978 nostri
1497 4912 1649 4979 lambria-

593 5017 694 5085 eetur,
719 5018 751 5075 et
776 5010 810 5075 ia
835 5032 874 5075 ea
897 5010 957 5078 fiat
981 5034 1046 5077 una
1072 5020 1173 5079 voute
1198 5014 1337 5101 lapidea,
1363 5015 1398 5081 in
1422 5039 1485 5101 qna
1521 5016 1650 5101 ,lmine
