4350 6442
896 1240 1071 1291 serenam
1097 1242 1147 1290 111.
1479 1227 1545 1296 397

494 1416 589 1472 iacere
610 1433 667 1470 non
692 1421 823 1487 possunt,
851 1434 946 1486 neque
972 1416 1170 1472 venditionem
1193 1434 1245 1471 nec
1271 1417 1400 1488 aliquam
1428 1417 1544 1472 distric-

494 1501 602 1554 tionem
629 1500 665 1554 de
687 1499 848 1556 hereditato
874 1501 934 1565 illa,
959 1501 1011 1556 sed
1032 1500 1114 1557 salvo
1135 1518 1200 1555 eam
1221 1500 1387 1556 custodiant
1410 1500 1448 1555 ad
1471 1519 1544 1573 opus

494 1583 565 1639 dicti
587 1583 714 1648 heredis,
733 1585 776 1640 ita
795 1583 873 1655 quod
892 1602 959 1639 cum
977 1583 1015 1639 ad
1034 1591 1151 1642 {etatem
1169 1584 1336 1656 pervenerit
1352 1585 1409 1640 sibi
1427 1602 1545 1657 respou-

493 1667 580 1722 deaut
606 1686 657 1740 per
682 1668 846 1739 legitimam
870 1669 1114 1740 computationem
1139 1667 1176 1724 de
1203 1669 1330 1724 exitibus
1354 1668 1439 1724 dictae
1462 1670 1544 1733 here·

493 1750 603 1815 ditatis,
625 1752 714 1806 salvis
732 1752 805 1822 ipsis
825 1751 996 1808 custodibus
1016 1752 1238 1808 rationabilibus
1257 1753 1341 1807 misis
1362 1755 1434 1808 sais.
1481 1752 1544 1808 Nec

493 1836 582 1889 etiam
600 1842 722 1907 possunt
740 1835 813 1891 dicti
833 1836 969 1892 custodes
989 1836 1180 1907 maritagium
1192 1836 1264 1892 dicti
1283 1836 1401 1892 heredis
1414 1837 1483 1891 dare
1496 1837 1542 1891 vel

492 1920 628 1982 vendere,
649 1920 706 1973 nisi
726 1919 763 1973 ad
781 1919 965 1974 commodum
983 1920 1076 1992 ipsius
1095 1919 1223 1974 heredis.

528 2002 637 2057 Nullus
664 2007 804 2068 aecastor,
825 2011 877 2058 aut
902 2003 1069 2074 inquisitor,
1090 2003 1138 2057 vel
1161 2003 1346 2074 justiciarius
1374 2004 1411 2059 ad
1436 2004 1544 2059 assieas
1559 2004 1651 2058 διψᾶν]

491 2086 604 2158 aliquas
624 2087 780 2157 capiendas
794 2087 962 2158 specialiter
974 2087 1152 2157 assignatus,
1166 2087 1214 2141 vel
1227 2087 1264 2141 ad
1277 2088 1411 2158 querelas
1430 2088 1544 2160 aliquas
1560 2108 1594 2149 nu
1603 2056 1699 2151 miii*

492 2170 651 2226 audiendas
670 2181 700 2226 ct
717 2171 926 2236 terminandas,
947 2170 983 2226 de
1002 2177 1100 2226 cetero
1118 2177 1293 2242 potestatem
1311 2171 1438 2227 habeant
1450 2190 1543 2227 amer·
1558 2160 1691 2207 ΜΨ

492 2254 588 2309 ciaudi
606 2272 659 2325 pro
677 2255 787 2310 defalta
805 2254 967 2310 communis
987 2255 1233 2318 commonitionis,
1252 2255 1311 2310 nisi
1329 2255 1464 2325 capitalis
1480 2255 1543 2326 jus·

492 2338 624 2394 ticiarius
642 2340 691 2394 vel
705 2339 866 2410 justiciarii
884 2339 1055 2395 itinerantes
1074 2338 1105 2392 in
1122 2338 1278 2394 itineribus
1297 2338 1367 2393 suis.

527 2421 609 2477 Viris
625 2429 722 2477 autem
735 2423 884 2493 religiosis
896 2441 954 2477 non
965 2422 1053 2477 liceat
1070 2421 1188 2492 ingredi
1200 2422 1318 2477 feodum
1336 2422 1462 2493 alicujus
1481 2424 1544 2479 sine

490 2506 610 2561 licentia
628 2507 762 2579 capitalis
781 2507 902 2571 domini,
922 2507 958 2561 dc
977 2524 1036 2577 quo
1065 2506 1180 2561 scilicet
1206 2524 1253 2561 res
1282 2507 1347 2578 ipsa
1373 2507 1543 2563 immediate

492 2598 617 2646 tenetur.

528 2675 572 2729 Dc
592 2677 716 2731 essoniis
735 2682 834 2732 autem
852 2676 1004 2749 provisum
1032 2680 1079 2732 est
1106 2675 1185 2746 quod
1203 2675 1234 2730 in
1251 2675 1449 2740 comitatibus,
1470 2675 1544 2730 hun·

493 2758 601 2825 dredis,
622 2766 673 2815 aut
699 2762 789 2817 curiis
816 2761 969 2826 baronum,
988 2760 1037 2816 vel
1062 2760 1144 2823 alibi,
1173 2760 1272 2815 nullas
1299 2760 1407 2817 habeat
1423 2777 1544 2816 necesse

490 2843 591 2914 jurare
609 2862 663 2915 pro
682 2845 797 2899 cesonio
816 2862 869 2899 suo
887 2843 1129 2899 warrantizaudo.

529 2927 684 2983 Provisum
710 2934 756 2983 est
783 2929 881 2991 etiam,
910 2927 989 2998 qaod
1016 2927 1042 2982 si
1069 2927 1169 2982 averia
1193 2927 1319 2998 alicujus
1344 2929 1497 2999 capiantur
1515 2934 1545 2984 et

493 3012 601 3081 injuste
621 3013 814 3078 detineantur,
829 3013 992 3069 vicecomes
1005 3018 1072 3082 post
1091 3012 1305 3081 querimoniam
1323 3011 1390 3067 iude
1410 3013 1466 3067 sibi
1485 3014 1544 3068 iac·

493 3103 553 3151 tam
574 3113 617 3160 ea,
650 3097 713 3151 sine
740 3096 950 3168 impedimento
967 3096 1016 3151 vel
1043 3093 1273 3150 contradictione
1301 3096 1365 3166 ejas
1393 3097 1444 3166 qui
1463 3096 1543 3152 dicta

492 3181 591 3235 averia
609 3181 687 3251 oepit
705 3180 868 3235 deliberare
887 3180 990 3251 possit,
1004 3179 1030 3234 si
1049 3184 1132 3233 extra
1149 3178 1300 3232 libertates
1319 3186 1404 3250 capta
1422 3180 1540 3236 fuerint.

492 3263 531 3319 Et
558 3264 582 3318 si
611 3264 688 3318 inire
714 3264 865 3318 libertates
890 3261 1061 3335 hujusmodi
1086 3262 1239 3333 capiantur
1258 3262 1368 3327 averia,
1389 3269 1419 3317 et
1437 3264 1541 3318 ballivi

491 3347 661 3404 libertatum
686 3366 720 3402 ea
747 3347 909 3402 deliberare
927 3346 1086 3410 noluerint,
1106 3350 1176 3402 tanc
1194 3346 1358 3401 vicecomes
1377 3364 1430 3417 per
1448 3346 1542 3402 defec-

492 3437 556 3486 tum
574 3431 718 3487 dictorum
737 3432 913 3486 ballivorum
933 3449 967 3485 ea
987 3431 1075 3485 iaciat
1092 3429 1259 3485 deliberari.

527 3515 636 3570 Nullus
655 3516 690 3570 do
709 3522 806 3571 cetero
824 3515 1002 3586 distringere
1028 3515 1123 3587 possit
1148 3516 1241 3569 libore
1267 3522 1399 3571 tenentes
1418 3534 1486 3572 suos
1506 3518 1543 3573 ad

492 3599 727 3670 respondendum
745 3599 781 3654 de
799 3599 893 3654 libero
905 3604 1071 3654 tenemento
1090 3616 1153 3662 suo,
1173 3615 1267 3668 neque
1286 3598 1322 3653 de
1341 3599 1488 3670 aliquibus
1506 3601 1541 3655 sd

491 3684 616 3739 liberum
636 3691 834 3739 tenementum
862 3701 949 3739 suum
976 3682 1177 3755 spectantibus
1196 3683 1259 3738 siue
1276 3682 1360 3738 brevi
1379 3685 1469 3756 regis,
1489 3704 1543 3741 uec

488 3767 590 3838 jurare
619 3769 707 3823 faciat
737 3768 829 3822 libere
855 3774 989 3823 tenentes
1014 3785 1083 3822 suos
1111 3774 1213 3822 contra
1238 3767 1419 3822 voluntatem
1448 3787 1542 3832 stiam,

492 3852 607 3907 desicut
625 3852 724 3907 nullus
742 3852 797 3906 hoc
817 3853 912 3907 lacere
931 3857 1028 3923 potest
1046 3852 1109 3907 siue
1127 3857 1272 3923 praecepto
1289 3851 1381 3922 regis.

526 3936 636 3990 Nullus
655 3937 691 3990 de
704 3941 811 3999 cetero,
832 3941 953 4006 excepto
964 3952 1045 4006 rege,
1060 3934 1204 4006 placitum
1222 3940 1321 3990 teneat
1338 3936 1369 3990 iu
1387 3936 1471 3991 caria
1489 3955 1543 3991 sna

492 4020 527 4075 de
546 4020 620 4074 salso
635 4019 749 4090 judicio
768 4019 844 4075 facto
864 4020 893 4074 in
916 4019 999 4074 curia
1017 4019 1183 4074 tenentium
1202 4036 1332 4084 suorum,
1353 4021 1423 4091 quia
1440 4021 1542 4091 hujus·

491 4104 569 4158 modi
597 4104 706 4176 placita
732 4104 769 4159 nd
796 4121 931 4159 eoronam
957 4103 1125 4175 specialiter
1144 4105 1292 4175 pertinent
1310 4112 1340 4160 et
1366 4105 1542 4175 dignitatem

492 4205 580 4258 regis.
1144 4217 1147 4220 ·

527 4273 683 4328 Provisum
702 4279 748 4329 est
765 4274 864 4339 etiam,
885 4273 964 4345 quod
982 4273 1008 4328 si
1026 4272 1131 4329 ballivi
1150 4272 1201 4344 qui
1219 4277 1387 4345 compotum
1414 4273 1541 4329 dominis

493 4358 553 4411 suis
573 4357 695 4411 reddere
713 4363 858 4421 tenentur,
873 4375 904 4412 se
923 4355 1131 4422 subtraxerint,
1151 4363 1182 4412 et
1199 4363 1293 4411 terras
1311 4356 1359 4411 vel
1377 4363 1543 4412 tenemento

491 4459 548 4494 non
566 4440 723 4495 habuerint
741 4459 793 4512 per
812 4458 878 4512 quse
896 4439 1035 4511 distringi
1058 4440 1181 4511 possint,
1202 4447 1271 4495 tunc
1289 4458 1342 4512 per
1361 4457 1459 4495 eorum
1479 4459 1543 4496 cor·

491 4541 563 4595 pora
581 4525 786 4588 attachientur,
806 4525 850 4580 ita
868 4524 945 4596 quod
963 4524 1162 4590 vicecomites,
1176 4525 1344 4596 inquorum
1362 4524 1481 4579 ballivis
1499 4525 1543 4579 iu·

491 4611 655 4672 venientur,
676 4626 725 4663 eos
744 4609 844 4663 venire
864 4608 973 4664 iaciant
990 4607 1027 4663 ad
1045 4616 1213 4679 compotum
1232 4626 1318 4664 suurn
1337 4608 1528 4664 reddendum.

528 4693 603 4747 Item
624 4693 755 4757 firmarii,
776 4701 907 4764 tempore
926 4710 1046 4748 suarum
1065 4692 1225 4753 firmarum.
1239 4699 1357 4747 vastum
1375 4693 1422 4747 vol
1441 4693 1541 4748 vendi·

491 4776 600 4831 tionem
622 4778 669 4831 vel
689 4778 808 4832 exilium
827 4796 885 4832 non
903 4777 1011 4833 iaciant
1029 4776 1065 4831 de
1083 4776 1190 4840 boscis,
1210 4776 1355 4840 domibus,
1376 4776 1541 4832 hominibus

492 4878 544 4915 nec
564 4861 599 4914 de
619 4862 685 4915 aliis
704 4862 852 4931 aliquibus
871 4860 908 4916 ad
925 4865 1093 4915 tenementa
1111 4877 1177 4930 qaas
1196 4858 1233 4914 ad
1251 4860 1365 4913 firmam
1386 4860 1543 4916 habuerint

491 4946 701 5016 spectantibus,
722 4946 778 4999 nisi
798 4944 956 5016 specialem
973 4944 1101 4998 habeant
1117 4943 1333 4998 concessionem
1351 4960 1404 5013 per
1417 4945 1542 5015 scriptu·

491 5047 554 5082 ram
582 5048 642 5083 sirie
670 5030 880 5089 conventionis,
900 5029 1077 5082 mentionem
1102 5026 1237 5081 habentis
1266 5025 1344 5097 quod
1372 5027 1426 5080 hoc
1446 5029 1541 5082 lacere

491 5114 613 5183 possint.
653 5113 691 5167 Et
709 5114 735 5166 si
755 5113 886 5176 fecerint,
907 5120 937 5167 et
963 5111 999 5166 de
1020 5110 1075 5165 hoc
1095 5110 1313 5174 convincantur,
1334 5108 1439 5165 damna
1457 5112 1542 5181 plene

491 5196 655 5251 refundant.
