4350 6442
908 1221 1084 1271 srrnnmx
1111 1221 1147 1270 11.
1489 1205 1554 1270 389

503 1392 702 1447 testimonium
732 1392 784 1448 has
815 1393 916 1448 literas
946 1398 1059 1446 nostras
1090 1391 1133 1446 eis
1164 1391 1227 1446 fieri
1258 1391 1381 1447 fecimus
1410 1395 1553 1462 patentes.

502 1473 588 1530 Teste
607 1493 654 1530 mo
673 1476 737 1547 ipso
755 1476 832 1548 apud
850 1475 1153 1539 westmonasterium,
1174 1481 1255 1531 sexto
1273 1475 1387 1531 decimo
1405 1474 1452 1530 dio
1470 1473 1553 1539 Maii,

502 1576 576 1613 snno
595 1559 679 1631 regni
697 1560 791 1614 nostri
810 1559 959 1615 tricesimo
977 1564 1067 1614 sexto.
1104 1559 1162 1613 Per
1180 1576 1282 1630 regem
1301 1567 1331 1615 et
1349 1558 1378 1613 J.
1398 1558 1534 1614 Msnsell.

538 1643 711 1698 Consimiles
731 1644 832 1700 literas
857 1643 966 1699 habent
983 1643 1091 1699 Petrus
1118 1642 1279 1708 Lamberti,
1306 1642 1441 1699 Rnffatns
1468 1643 1553 1699 Isam-

501 1727 587 1792 berti,
608 1727 754 1782 Ernaldus
772 1727 932 1792 Msisennc,
953 1733 983 1782 et
1000 1726 1127 1782 Thomas
1145 1726 1250 1782 Fanre.

967 1896 1026 1956 No.
1041 1899 1090 1956 20.

700 2022 771 2084 (Rot.
784 2021 867 2073 Ciaus.
880 2027 912 2072 ³6
925 2021 990 2073 lien.
1002 2022 1061 2083 IIL,
1069 2023 1161 2072 memb.
1176 2025 1205 2072 17
1218 2022 1244 2071 in
1257 2023 1352 2085 dorso.)

536 2135 611 2204 Quis
629 2142 749 2206 treugas
768 2136 855 2191 initos
873 2135 952 2207 spnd
970 2135 1116 2207 Regulam
1134 2136 1209 2190 inter
1227 2134 1386 2192 Gsstonem
1397 2136 1551 2192 vicecomi·
1564 2143 1720 2201 lamus?-

499 2226 558 2273 tem
577 2220 782 2284 Besrnensem,
802 2218 1003 2275 Amauovum¹
1022 2219 1058 2275 de
1077 2219 1224 2284 Lebrotto,
1245 2225 1275 2274 ct
1292 2219 1378 2274 villas
1391 2219 1427 2275 de
1439 2219 1551 2276 Vasato
1562 2212 1720 2312 mm

499 2310 529 2355 et
554 2303 669 2372 Regula
697 2310 727 2357 et
753 2320 854 2357 eornm
881 2303 1022 2359 vaiitores
1048 2320 1083 2358 ex
1109 2321 1168 2358 una
1193 2309 1285 2374 parte,
1312 2309 1342 2358 et
1366 2303 1710 2369 WillelmnminGucony.

498 2386 640 2455 Pigorelli
659 2392 805 2441 tenentem
823 2387 920 2441 locum
938 2386 1054 2465 comitis
1072 2385 1242 2442 Leicestriae
1265 2387 1297 2440 iu
1314 2386 1471 2443 Wssconia
1495 2406 1550 2460 pro

498 2479 580 2539 parto
607 2469 740 2540 praedicti
767 2470 883 2526 comitis
910 2487 944 2524 ex
973 2469 1075 2534 altera,
1107 2487 1158 2524 rex
1188 2471 1359 2541 prorogavit
1388 2489 1481 2543 usqne
1511 2472 1549 2527 ad

497 2555 604 2608 festum
623 2554 842 2624 Assumptionis
861 2553 895 2607 B.
916 2553 1018 2608 Marias
1043 2554 1174 2624 proximo
1193 2562 1359 2619 venturum,
1379 2555 1548 2611 inundatum

497 2641 543 2690 cst
572 2637 713 2707 praedicto
738 2636 888 2692 Willelmo
914 2636 992 2708 quod
1018 2643 1138 2708 treugas
1164 2637 1230 2692 illas
1261 2637 1297 2692 do
1328 2644 1425 2693 cetero
1454 2641 1548 2696 teneri

497 2720 594 2775 fuciut.

532 2803 643 2858 Eodem
661 2804 746 2859 modo
764 2804 934 2860 mandatum
952 2810 997 2860 est
1013 2804 1120 2876 mojori
1137 2811 1168 2860 ct
1181 2804 1290 2875 jurutis
1308 2805 1504 2877 Burdegaiiai.

533 2889 571 2942 Et
589 2888 757 2943 mandatum
775 2894 821 2943 est
838 2889 949 2944 eisdem
968 2893 998 2943 ct
1009 2888 1158 2942 Willelmo
1170 2888 1313 2959 Pigorolli
1331 2907 1384 2960 pro
1397 2889 1548 2946 Gaillardo

497 2972 532 3025 dc
552 2972 632 3027 Solio
646 2973 723 3043 quod
735 2973 763 3027 ci
776 2979 828 3028 aut
844 2972 933 3027 rebus
945 2972 993 3026 vol
1006 2971 1239 3043 possessionibus
1253 2973 1314 3027 suis
1327 2973 1375 3027 vei
1387 2973 1547 3030 amicorum
1615 2980 1618 2986 '

497 3072 617 3109 suorum
636 3055 668 3109 in
684 3056 775 3110 bailia
792 3073 846 3111 sun
872 3055 984 3110 nullam
1011 3054 1176 3110 molestiam
1202 3060 1253 3110 ant
1278 3055 1416 3126 injuriam
1443 3057 1547 3113 inserui

496 3139 674 3209 permittant.
713 3139 799 3194 Teste
827 3146 861 3196 ιιι
887 3156 977 3210 supra
1004 3137 1089 3209 [rege
1114 3137 1192 3210 apud
1210 3137 1384 3204 Hesionam,
1412 3140 1469 3195 xxi.
1498 3140 1546 3196 dio

496 3219 591 3294 Maii]¹
713 3268 717 3275 .

532 3308 570 3363 Ει
587 3307 756 3363 mandatum
782 3312 828 3363 est
845 3306 881 3361 R.
902 3305 1057 3361 Vasatensi
1084 3305 1221 3379 episcopo
1240 3313 1380 3379 utsupra
1398 3307 1547 3367 Willclrno

496 3391 647 3461 Pigorelli.

962 3512 1020 3571 No.
1036 3514 1085 3571 21.

711 3639 782 3700 (Rot.
795 3638 849 3688 Pet
862 3642 894 3688 ³6
907 3635 973 3688 Hen.
985 3637 1044 3699 111,
1055 3639 1149 3689 memb.
1162 3643 1177 3687 6
1189 3637 1215 3687 iu
1226 3638 1323 3701 dorso.)

530 3754 605 3808 Cum
633 3752 739 3807 Petrus
765 3751 911 3806 Boncsans
942 3757 972 3806 et
1002 3751 1169 3807 Bernamins
1200 3750 1296 3806 Bidsu
1325 3752 1436 3807 detenti
1466 3754 1715 3825 apudsunesuse„

494 3835 703 3906 Burdogaliam
721 3852 740 3889 a
757 3835 882 3889 termino
901 3834 957 3889 sibi
982 3835 1118 3906 imposito
1136 3851 1168 3889 se
1186 3835 1389 3906 purgaverint,
1416 3842 1447 3891 ot
1471 3837 1544 3908 ipsis
1558 3825 1712 3924 &Q

494 3938 551 3975 uon
568 3919 709 3975 convictis
727 3935 781 3972 nec
800 3917 941 3972 confessis
959 3918 1103 3989 injustum
1122 3917 1161 3973 sit
1179 3919 1258 3989 ipsos
1287 3920 1403 3990 privare
1430 3937 1544 3991 posses·
1557 3928 1678 3973 toroetove

493 4005 573 4058 siono
591 4002 734 4057 bonorum
762 4019 892 4064 suornm,
921 4001 979 4055 nisi
1005 4002 1213 4056 sententiatum
1240 4002 1330 4057 fuerit
1354 4015 1456 4059 contra
1482 4022 1542 4070 eos,
1557 3976 1715 4075 &m

493 4087 647 4141 mandatur
673 4082 814 4156 S[im0ni]
841 4084 877 4139 de
902 4084 1002 4139 Monte
1021 4084 1103 4140 Forti
1129 4085 1207 4156 qnod
1232 4085 1392 4141 secundum
1418 4088 1496 4144 soros
1514 4094 1545 4143 et
1557 4078 1640 4173 ffiffl

492 4170 716 4226 consuetudines
735 4169 897 4224 Wasconiae
916 4169 1062 4226 bonasus
1085 4169 1237 4225 occasione
1263 4171 1463 4227 arrestationis
1482 4190 1543 4228 suos

491 4262 632 4326 occupata
650 4254 693 4309 cis
711 4252 749 4308 ad
767 4252 1008 4309 sustentationem
1026 4272 1110 4309 suam
1128 4254 1245 4309 rcstitui
1270 4254 1367 4309 saciat.
1405 4255 1491 4310 Teste
1509 4262 1543 4311 ut

491 4358 580 4409 supra
608 4337 692 4409 [rego
716 4336 794 4409 apud
812 4337 1114 4402 westmonasterium,
1134 4337 1174 4392 vi.
1201 4336 1248 4392 die
1277 4335 1384 4409 Junii].
1428 4338 1487 4394 Per
1511 4339 1541 4394 J.

490 4423 643 4478 Maunscll.

957 4542 1016 4601 No.
1031 4545 1081 4600 22.

773 4670 843 4731 (Ιιοι.
856 4668 911 4719 Pet
923 4673 955 4718 36
967 4667 1033 4719 Hen.
1045 4667 1106 4728 111,
1116 4670 1206 4718 memb.
1220 4673 1258 4731 6,)

526 4784 587 4838 Rex
605 4782 842 4855 archiepiscopis,
855 4782 1010 4854 episcopis,
1023 4782 1187 4846 abbatibus,
1201 4783 1358 4854 prioribus,
1373 4783 1539 4851 baronibus,
1552 4791 1713 4847 tunsurus.

490 4867 720 4928 vicecomitibus,
741 4865 895 4929 militibus,
915 4864 1086 4936 majoribus,
1106 4865 1374 4930 communitatibus,
1395 4872 1426 4920 et
1448 4868 1539 4923 omui·

490 4953 543 5006 bus
563 4950 629 5005 aliis
648 4950 815 5003 hominibus
834 4948 895 5003 suis
914 4947 1067 5003 Vasconiae
1080 4954 1111 5003 et
1128 4948 1231 5004 iusnlae
1244 4948 1387 5014 Oleronis,
1401 4950 1537 5007 salntem.

774 5122 779 5148 ¹
798 5119 960 5185 Asanam]
980 5120 1142 5171 Amnevum
1153 5129 1187 5180 et,
1197 5120 1254 5172 MS.
