4350 6442
910 1217 1089 1268 irrnrurx
1113 1221 1148 1268 11.
1492 1205 1557 1274 387

505 1405 649 1443 summam
668 1389 793 1445 duorum
811 1390 939 1447 millium
957 1409 1131 1457 marcarum,
1151 1394 1194 1448 ita
1212 1392 1290 1465 quod
1311 1391 1347 1448 de
1367 1393 1493 1464 pecunia
1506 1392 1558 1449 ille

502 1472 586 1527 nobis
604 1473 780 1545 respondeat
800 1475 838 1531 ad
855 1475 1071 1548 beneplacitum
1095 1484 1237 1533 nostrum.
1282 1474 1364 1532 lteri
1383 1478 1458 1532 sorte
1481 1476 1555 1531 nihil

502 1556 538 1610 eb
552 1557 594 1612 eis
606 1575 659 1630 per
677 1558 730 1614 has
749 1559 850 1616 literas
868 1567 985 1616 nostrus
1002 1561 1150 1632 acceperit
1164 1561 1240 1617 citra
1257 1561 1365 1616 festum
1382 1560 1555 1617 Nativitetis

502 1638 673 1706 Dominicrs‚
693 1659 768 1698 anno
793 1644 878 1714 regni
903 1645 996 1700 nostri
1021 1645 1171 1701 tricesimo
1189 1644 1322 1717 septimo,
1342 1651 1412 1700 tunc
1430 1644 1468 1700 ad
1485 1661 1555 1701 eun·

502 1723 569 1777 dem
587 1726 745 1781 terminum
771 1726 848 1782 idem
872 1746 970 1785 comes
993 1737 1154 1801 presentes
1175 1730 1278 1786 literas
1298 1729 1381 1785 nobis
1402 1736 1454 1786 aut
1471 1729 1554 1785 here·

502 1806 588 1862 dibus
601 1811 708 1864 nostris
721 1811 839 1866 restitui
858 1812 955 1868 faciet.
993 1813 1081 1869 Teste
1100 1822 1250 1885 utsupra,
1270 1831 1323 1885 per
1341 1831 1443 1884 regem
1463 1810 1553 1885 [epud

502 1889 804 1961 westmonasterium,
824 1895 937 1952 decimo
956 1913 1030 1953 nono
1048 1897 1096 1955 die
1115 1896 1239 1968 Martii}

963 2096 1022 2155 No.
1040 2096 1086 2158 17.

699 2221 769 2286 (Rot
782 2221 865 2275 chus.
877 2228 909 2274 te
921 2222 986 2274 Heu
998 2222 1058 2284 111,
1069 2227 1161 2276 memb
1173 2227 1203 2273 21
1216 2222 1244 2274 iu
1255 2225 1351 2287 dono.)

536 2311 598 2367 Rex
616 2314 761 2378 omnibus,
781 2321 849 2381 eto,
870 2315 1005 2372 sulutem.
1564 2296 1687 2393 ἔψη

537 2395 644 2453 Sciatis
670 2396 748 2467 quod
773 2399 909 2456 volumus
928 2398 1162 2478 etconcedimus
1181 2400 1260 2471 quod
1279 2398 1381 2456 Simon
1396 2398 1433 2455 de
1450 2399 1551 2456 Monte
1563 2418 1656 2468 simu„

500 2478 593 2544 Forti‚
622 2498 719 2536 comes
744 2481 922 2548 Leioeetriae.
949 2483 1075 2555 recipiat
1093 2482 1130 2538 de
1157 2482 1340 2541 debitoribus
1369 2485 1478 2541 neutris
1502 2480 1657 2545 velwm

499 2562 566 2618 aliis
592 2566 643 2635 qui
668 2567 824 2636 pecuniam
850 2584 1065 2639 quamcumque
1090 2567 1200 2624 habent
1224 2569 1256 2623 in
1275 2587 1334 2640 que
1354 2569 1405 2640 jus
1430 2568 1551 2640 aliquod

499 2649 661 2718 poterimus
688 2650 804 2715 habere,
831 2652 1009 2723 ubicumque
1030 2653 1091 2708 sint
1115 2653 1146 2706 in
1171 2653 1305 2724 partibus
1335 2654 1547 2717 transmarinis,

500 2749 593 2803 usque
618 2733 655 2787 ed
679 2733 737 2788 duo
755 2735 851 2790 millia
873 2754 1049 2801 marcarum,
1073 2743 1104 2793 et
1121 2736 1176 2791 hoc
1194 2737 1225 2791 in
1244 2754 1303 2792 una
1321 2755 1436 2793 summa
1453 2738 1502 2793 vel
1519 2737 1550 2792 in

499 2815 626 2872 diversis
645 2818 806 2874 secundum
826 2819 904 2890 quod
915 2818 1086 2891 hujusmodi
1099 2819 1198 2876 debita
1215 2820 1263 2876 vel
1281 2822 1406 2892 pecunia
1422 2821 1551 2892 poterint

499 2899 640 2966 inveniri3
661 2908 691 2957 et
709 2920 761 2957 nos
773 2902 943 2974 hujusmodi
954 2910 1103 2975 receptam
1115 2911 1208 2959 ratam
1227 2912 1258 2959 et
1275 2905 1389 2960 firmam
1407 2905 1549 2962 hebemus

499 3000 532 3037 ac
552 2984 578 3038 si
596 3003 649 3040 nos
668 3003 703 3040 ea
720 2987 936 3059 reciperemus:
956 2989 999 3043 ita
1018 2988 1096 3059 quod
1122 2988 1219 3044 dictus
1246 3006 1343 3045 comes
1361 2989 1446 3044 nobis
1464 2990 1549 3046 satis·

499 3067 589 3123 faciet
606 3068 644 3124 ad
668 3070 883 3143 beneplacitum
901 3079 1035 3128 nostrum
1049 3071 1085 3126 de
1098 3073 1222 3143 pecnnia
1241 3089 1329 3143 quam
1347 3073 1383 3128 ab
1402 3074 1445 3128 eis
1469 3090 1549 3129 rece·

498 3152 584 3221 perit.
623 3151 660 3207 In
677 3155 771 3224 cujus,
793 3160 848 3211 eto.
886 3155 974 3210 Teste
993 3160 1135 3227 utsupra
1154 3155 1238 3227 [rege
1256 3156 1333 3227 apud
1352 3156 1551 3212 Westmonae·

497 3236 614 3300 terium,
640 3237 780 3293 vicesimo
808 3240 856 3295 die
883 3238 1010 3308 Martii]
1048 3239 1089 3296 Et
1106 3237 1241 3295 dominus
1266 3257 1318 3294 rex
1341 3239 1430 3295 habet
1447 3240 1548 3296 literas

496 3319 590 3390 ipsius
608 3322 725 3377 comitis
743 3340 832 3394 super
850 3323 962 3389 ecdem,
983 3341 1049 3395 qum
1068 3323 1186 3379 suntin
1204 3322 1388 3395 gerderoba.¹

963 3441 1022 3502 No.
1040 3443 1087 3501 18.

778 3566 849 3630 (eor.
861 3566 916 3618 Pet
929 3571 961 3617 86
973 3565 1039 3618 Heu.
1051 3565 1111 3627 111„
1122 3567 1212 3618 memb
1226 3569 1263 3630 7.)

532 3677 595 3733 Rex
613 3679 757 3743 omnibus,
778 3685 845 3743 etc..
866 3680 1000 3735 salutem.

532 3761 607 3816 Cum
632 3763 766 3827 barones,
792 3763 882 3827 cives,
911 3769 942 3818 et
968 3761 1111 3834 quosdam
1137 3761 1210 3818 alios
1228 3767 1381 3833 magnates
1406 3760 1443 3817 de
1467 3769 1547 3818 terra
1559 3757 1652 3814 hill,

495 3852 595 3900 nostra
607 3845 770 3901 Wasconiae
788 3847 904 3902 evocari
922 3847 1080 3902 fecerimus
1099 3862 1197 3901 coram
1214 3845 1299 3901 nobis
1317 3845 1348 3900 in
1366 3844 1477 3917 Angli·
1494 3863 1548 3917 pro
1559 3823 1642 3917 ἢ(

495 3930 696 3985 melioratione
715 3936 809 3986 status
828 3929 960 4001 ejusdem
978 3937 1066 3986 terrie
1091 3935 1208 3994 nusum,
1228 3946 1296 3984 cum
1323 3928 1431 4000 quibus
1459 3922 1716 4020 summum&

494 4015 622 4085 negotiis
641 4014 773 4086 ejusdem
790 4021 878 4070 terrm
901 4015 1066 4086 longiorem
1091 4019 1249 4069 tractatum
1268 4031 1356 4085 quam
1375 4012 1548 4070 credebatur
1560 3987 1706 4070 &defent-

494 4097 663 4164 habeamus,
689 4099 819 4154 nolentes
844 4098 923 4170 quod
940 4116 1042 4153 eorum
1060 4097 1203 4154 adventus
1221 4103 1252 4153 et
1268 4097 1427 4170 presentia
1451 4097 1548 4154 nobis·
1559 4076 1614 4118 ‘⁰¹⁸‘

495 4198 562 4236 oum
586 4181 688 4238 habita
705 4183 779 4253 ipsis
806 4189 836 4238 et
862 4182 965 4238 amicis
984 4200 1085 4237 eorum
1112 4184 1153 4238 sit
1176 4183 1325 4247 damnosa,
1353 4197 1456 4237 eorum
1480 4199 1546 4237 con·

493 4265 615 4321 ductum
633 4267 665 4320 in
682 4266 777 4322 literis
801 4267 909 4322 nostris
927 4273 1100 4339 conceptum
1118 4271 1149 4320 et
1166 4272 1287 4338 treugas
1305 4267 1384 4338 apud
1401 4265 1547 4336 Regulam

493 4356 592 4420 captas
621 4351 697 4404 inter
723 4349 907 4405 Willelmum
932 4349 1084 4421 Pigorelli,
1106 4356 1257 4421 gerentem
1283 4350 1364 4404 vices
1388 4350 1489 4405 dilecti
1517 4354 1548 4405 et

493 4431 587 4487 fidelis
605 4434 699 4488 nostri
718 4432 846 4490 Simonis
858 4435 895 4489 de
907 4433 1008 4489 Monte
1020 4433 1112 4498 rore,
1127 4433 1242 4488 comitis
1255 4432 1434 4497 leicestria,
1449 4450 1546 4489 senes·

493 4517 560 4570 calli
579 4518 672 4573 nostri
690 4517 862 4584 wasconiae,
876 4536 911 4572 ex
930 4536 989 4574 une
1005 4524 1098 4590 parte,
1119 4522 1149 4571 et
1168 4516 1327 4572 Gastonem
1344 4516 1546 4572 vicecomitem

492 4600 682 4666 Beruensem,
702 4603 884 4657 Amenevum
903 4602 940 4656 de
958 4601 1002 4656 La
1018 4601 1131 4666 Brette‚
1151 4608 1181 4656 et
1198 4600 1315 4656 villatas
1334 4600 1370 4655 de
1388 4601 1499 4657 Vaeato
1516 4608 1548 4656 et

494 4684 530 4738 de
550 4685 675 4756 Regula,
696 4705 749 4757 pro
773 4705 805 4741 se
824 4692 854 4741 et
871 4685 1045 4742 valituribus
1064 4685 1127 4741 snie
1145 4702 1181 4740 ex
1200 4685 1301 4750 altera,
1320 4686 1352 4739 in
1368 4685 1462 4740 forma
1478 4683 1545 4740 inde

493 4768 570 4823 inter
597 4787 646 4824 eos
674 4771 705 4824 in
731 4770 849 4841 scriptis
875 4769 1003 4833 redacta,
1023 4786 1117 4840 usque
1145 4767 1183 4824 ad
1201 4768 1308 4824 festum
1326 4768 1546 4839 Assumptionis

492 4851 585 4908 beatae
606 4853 708 4908 Merim
722 4854 853 4926 proximo
866 4859 1022 4909 venturum
1033 4870 1236 4925 prorogamus.
1269 4851 1454 4908 Etvolumus
1467 4850 1545 4923 quod

526 5034 615 5084 'This
634 5043 707 5099 entry
728 5035 772 5085 hes
795 5035 839 5085 the
860 5034 991 5101 following
1041 5035 1095 5100 regi
1117 5035 1202 5084 litem
1230 5048 1288 5083 sues
1310 5042 1335 5083 et
1355 5032 1473 5084 dominus
1497 5049 1542 5084 rex

490 5115 615 5178 marginal
627 5121 694 5164 note:
714 5114 764 5163 Pro
784 5114 875 5165 comite
890 5114 990 5165 Iaeicee·
1042 5112 1128 5163 comiti
1139 5112 1225 5164 litem
1242 5111 1355 5175 predicti
1369 5112 1529 5177 comitisque

488 5193 551 5244 trite.
587 5193 992 5247 Posteareddiditeomesdcmiuc
1042 5192 1101 5244 iude
1111 5191 1449 5323 ὴιδαίιίημιᾱΒεωέιΞυι.
