<?xml version="1.0" encoding="UTF-8"?>
<!DOCTYPE html PUBLIC "-//W3C//DTD XHTML 1.0 Transitional//EN"
    "http://www.w3.org/TR/xhtml1/DTD/xhtml1-transitional.dtd">
<html xmlns="http://www.w3.org/1999/xhtml" xml:lang="en" lang="en">
 <head>
  <title>
</title>
<meta http-equiv="Content-Type" content="text/html;charset=utf-8" />
  <meta name='ocr-system' content='tesseract 3.04.00' />
  <meta name='ocr-capabilities' content='ocr_page ocr_carea ocr_par ocr_line ocrx_word'/>
</head>
<body>
  <div class='ocr_page' id='page_1' title='image "./royalandotherhi00henrgoog_0318.png"; bbox 0 0 4350 6442; ppageno 0'>
   <div class='ocr_carea' id='block_1_1' title="bbox 601 1244 1538 1312">
    <p class='ocr_par' dir='ltr' id='par_1_1' title="bbox 601 1244 1538 1312">
     <span class='ocr_line' id='line_1_1' title="bbox 601 1244 1538 1312; baseline -0.005 0"><span class='ocrx_word' id='word_1_1' title='bbox 601 1260 853 1312; x_wconf 80' lang='lat' dir='ltr'>rmusauanvn</span> <span class='ocrx_word' id='word_1_2' title='bbox 876 1260 919 1309; x_wconf 78' lang='lat' dir='ltr'>on</span> <span class='ocrx_word' id='word_1_3' title='bbox 941 1260 1012 1308; x_wconf 81' lang='lat' dir='ltr'>rau</span> <span class='ocrx_word' id='word_1_4' title='bbox 1037 1260 1143 1309; x_wconf 74' lang='lat' dir='ltr'>aaran</span> <span class='ocrx_word' id='word_1_5' title='bbox 1167 1260 1211 1308; x_wconf 81' lang='lat' dir='ltr'>or</span> <span class='ocrx_word' id='word_1_6' title='bbox 1234 1258 1354 1308; x_wconf 83' lang='lat' dir='ltr'>naum</span> <span class='ocrx_word' id='word_1_7' title='bbox 1378 1258 1428 1307; x_wconf 86' lang='lat'>111.</span> <span class='ocrx_word' id='word_1_8' title='bbox 1476 1244 1538 1307; x_wconf 70' lang='lat'>2:35</span> 
     </span>
    </p>
   </div>
   <div class='ocr_carea' id='block_1_2' title="bbox 951 1548 1095 1616">
    <p class='ocr_par' dir='ltr' id='par_1_2' title="bbox 951 1548 1095 1616">
     <span class='ocr_line' id='line_1_2' title="bbox 951 1548 1095 1616; baseline -0.014 -2"><span class='ocrx_word' id='word_1_9' title='bbox 951 1548 1095 1616; x_wconf 83' lang='lat' dir='ltr'>DXOII.</span> 
     </span>
    </p>
   </div>
   <div class='ocr_carea' id='block_1_3' title="bbox 590 1708 1441 1930">
    <p class='ocr_par' dir='ltr' id='par_1_3' title="bbox 590 1708 1441 1930">
     <span class='ocr_line' id='line_1_3' title="bbox 590 1708 1441 1775; baseline -0.004 0"><span class='ocrx_word' id='word_1_10' title='bbox 590 1711 705 1775; x_wconf 75' lang='lat' dir='ltr'>Parma</span> <span class='ocrx_word' id='word_1_11' title='bbox 727 1724 771 1773; x_wconf 82' lang='lat' dir='ltr'>or</span> <span class='ocrx_word' id='word_1_12' title='bbox 795 1708 952 1774; x_wconf 76' lang='lat' dir='ltr'>Lmouss</span> <span class='ocrx_word' id='word_1_13' title='bbox 973 1726 1016 1773; x_wconf 81' lang='lat' dir='ltr'>ro</span> <span class='ocrx_word' id='word_1_14' title='bbox 1039 1708 1195 1774; x_wconf 79' lang='lat' dir='ltr'>Wamna</span> <span class='ocrx_word' id='word_1_15' title='bbox 1218 1726 1262 1774; x_wconf 78' lang='lat' dir='ltr'>or</span> <span class='ocrx_word' id='word_1_16' title='bbox 1285 1709 1441 1774; x_wconf 76' lang='lat' dir='ltr'>Mauros.</span> 
     </span>
     <span class='ocr_line' id='line_1_4' title="bbox 833 1864 1192 1930; baseline -0.003 -14"><span class='ocrx_word' id='word_1_17' title='bbox 833 1864 928 1930; x_wconf 83' lang='lat' dir='ltr'>(Royal</span> <span class='ocrx_word' id='word_1_18' title='bbox 939 1864 1045 1926; x_wconf 71' lang='lat' dir='ltr'>letters,</span> <span class='ocrx_word' id='word_1_19' title='bbox 1059 1864 1107 1917; x_wconf 83' lang='lat' dir='ltr'>No.</span> <span class='ocrx_word' id='word_1_20' title='bbox 1122 1868 1192 1930; x_wconf 76' lang='lat'><strong>27³.)</strong></span> 
     </span>
    </p>
   </div>
   <div class='ocr_carea' id='block_1_4' title="bbox 489 1987 1710 4837">
    <p class='ocr_par' dir='ltr' id='par_1_4' title="bbox 489 1987 1667 2283">
     <span class='ocr_line' id='line_1_5' title="bbox 536 1987 1667 2074; baseline 0.004 -20"><span class='ocrx_word' id='word_1_21' title='bbox 536 1992 629 2055; x_wconf 90' lang='lat' dir='ltr'>Inter</span> <span class='ocrx_word' id='word_1_22' title='bbox 652 2010 743 2054; x_wconf 86' lang='lat' dir='ltr'>caros</span> <span class='ocrx_word' id='word_1_23' title='bbox 766 1988 933 2053; x_wconf 77' lang='lat' dir='ltr'>carissimo</span> <span class='ocrx_word' id='word_1_24' title='bbox 956 1987 1090 2053; x_wconf 86' lang='lat' dir='ltr'>domino</span> <span class='ocrx_word' id='word_1_25' title='bbox 1113 2010 1172 2053; x_wconf 88' lang='lat' dir='ltr'>sno</span> <span class='ocrx_word' id='word_1_26' title='bbox 1202 1988 1334 2053; x_wconf 83' lang='lat' dir='ltr'>‹lomino</span> <span class='ocrx_word' id='word_1_27' title='bbox 1359 1988 1667 2074; x_wconf 75' lang='lat' dir='ltr'>W[altero].1m.as,</span> 
     </span>
     <span class='ocr_line' id='line_1_6' title="bbox 489 2077 1638 2170; baseline -0.003 -11"><span class='ocrx_word' id='word_1_28' title='bbox 489 2096 530 2159; x_wconf 68' lang='lat' dir='ltr'>alo</span> <span class='ocrx_word' id='word_1_29' title='bbox 554 2094 695 2170; x_wconf 83' lang='lat' dir='ltr'>Merton,</span> <span class='ocrx_word' id='word_1_30' title='bbox 719 2114 798 2158; x_wconf 90' lang='lat' dir='ltr'>suus</span> <span class='ocrx_word' id='word_1_31' title='bbox 822 2092 941 2157; x_wconf 77' lang='lat' dir='ltr'>Petrus</span> <span class='ocrx_word' id='word_1_32' title='bbox 966 2090 1207 2157; x_wconf 84' lang='lat' dir='ltr'>Lemovicensis</span> <span class='ocrx_word' id='word_1_33' title='bbox 1238 2091 1377 2157; x_wconf 86' lang='lat' dir='ltr'>devotus</span> <span class='ocrx_word' id='word_1_34' title='bbox 1407 2090 1542 2157; x_wconf 86' lang='lat' dir='ltr'>clericus</span> <span class='ocrx_word' id='word_1_35' title='bbox 1557 2077 1638 2126; x_wconf 81' lang='lat'><strong>¹²⁶³·¹</strong></span> 
     </span>
     <span class='ocr_line' id='line_1_7' title="bbox 490 2197 641 2283; baseline -0.007 -22"><span class='ocrx_word' id='word_1_36' title='bbox 490 2197 641 2283; x_wconf 83' lang='lat' dir='ltr'>scipsum.</span> 
     </span>
    </p>

    <p class='ocr_par' dir='ltr' id='par_1_5' title="bbox 490 2295 1710 3506">
     <span class='ocr_line' id='line_1_8' title="bbox 535 2295 1702 2384; baseline -0.002 -23"><span class='ocrx_word' id='word_1_37' title='bbox 535 2297 699 2377; x_wconf 79' lang='lat' dir='ltr'>Quoniam</span> <span class='ocrx_word' id='word_1_38' title='bbox 721 2296 856 2361; x_wconf 84' lang='lat' dir='ltr'>domina</span> <span class='ocrx_word' id='word_1_39' title='bbox 885 2296 1001 2382; x_wconf 90' lang='lat' dir='ltr'>regina</span> <span class='ocrx_word' id='word_1_40' title='bbox 1030 2295 1177 2361; x_wconf 70' lang='lat' dir='ltr'>Francia</span> <span class='ocrx_word' id='word_1_41' title='bbox 1207 2295 1302 2361; x_wconf 85' lang='lat' dir='ltr'>valde</span> <span class='ocrx_word' id='word_1_42' title='bbox 1334 2296 1465 2384; x_wconf 85' lang='lat' dir='ltr'>prolixa</span> <span class='ocrx_word' id='word_1_43' title='bbox 1487 2318 1543 2361; x_wconf 86' lang='lat' dir='ltr'>cx·</span> <span class='ocrx_word' id='word_1_44' title='bbox 1557 2306 1612 2357; x_wconf 79' lang='lat' dir='ltr'>The</span> <span class='ocrx_word' id='word_1_45' title='bbox 1623 2324 1702 2372; x_wconf 81' lang='lat' dir='ltr'>queen</span> 
     </span>
     <span class='ocr_line' id='line_1_9' title="bbox 490 2375 1691 2493; baseline -0.002 -29"><span class='ocrx_word' id='word_1_46' title='bbox 490 2401 572 2477; x_wconf 74' lang='lat' dir='ltr'>istit,</span> <span class='ocrx_word' id='word_1_47' title='bbox 597 2406 637 2465; x_wconf 92' lang='lat' dir='ltr'>ut</span> <span class='ocrx_word' id='word_1_48' title='bbox 668 2398 750 2462; x_wconf 92' lang='lat' dir='ltr'>mihi</span> <span class='ocrx_word' id='word_1_49' title='bbox 781 2397 926 2474; x_wconf 78' lang='lat' dir='ltr'>videtur,</span> <span class='ocrx_word' id='word_1_50' title='bbox 957 2397 993 2460; x_wconf 91' lang='lat' dir='ltr'>in</span> <span class='ocrx_word' id='word_1_51' title='bbox 1016 2398 1125 2462; x_wconf 78' lang='lat' dir='ltr'>vorbis</span> <span class='ocrx_word' id='word_1_52' title='bbox 1155 2398 1280 2484; x_wconf 88' lang='lat' dir='ltr'>pariter</span> <span class='ocrx_word' id='word_1_53' title='bbox 1309 2405 1342 2464; x_wconf 90' lang='lat' dir='ltr'>ct</span> <span class='ocrx_word' id='word_1_54' title='bbox 1372 2398 1408 2461; x_wconf 92' lang='lat' dir='ltr'>iu</span> <span class='ocrx_word' id='word_1_55' title='bbox 1439 2397 1544 2474; x_wconf 79' lang='lat' dir='ltr'>laclia,</span> <span class='ocrx_word' id='word_1_56' title='bbox 1557 2375 1691 2493; x_wconf 52' lang='lat' dir='ltr'>{sffeffl</span> 
     </span>
     <span class='ocr_line' id='line_1_10' title="bbox 490 2480 1694 2590; baseline -0.003 -29"><span class='ocrx_word' id='word_1_57' title='bbox 490 2508 624 2590; x_wconf 85' lang='lat' dir='ltr'>propter·</span> <span class='ocrx_word' id='word_1_58' title='bbox 647 2500 894 2587; x_wconf 73' lang='lat' dir='ltr'>occupationem</span> <span class='ocrx_word' id='word_1_59' title='bbox 924 2499 1140 2586; x_wconf 87' lang='lat' dir='ltr'>negotiorum,</span> <span class='ocrx_word' id='word_1_60' title='bbox 1171 2500 1290 2564; x_wconf 88' lang='lat' dir='ltr'>idcirco</span> <span class='ocrx_word' id='word_1_61' title='bbox 1321 2500 1416 2565; x_wconf 90' lang='lat' dir='ltr'>vobis</span> <span class='ocrx_word' id='word_1_62' title='bbox 1445 2500 1544 2565; x_wconf 87' lang='lat' dir='ltr'>mitto</span> <span class='ocrx_word' id='word_1_63' title='bbox 1558 2509 1583 2558; x_wconf 88' lang='lat' dir='ltr'>in</span> <span class='ocrx_word' id='word_1_64' title='bbox 1596 2480 1694 2588; x_wconf 43' lang='grc' dir='ltr'>ποῇ’</span> 
     </span>
     <span class='ocr_line' id='line_1_11' title="bbox 490 2577 1710 2691; baseline -0.003 -22"><span class='ocrx_word' id='word_1_65' title='bbox 490 2627 548 2691; x_wconf 88' lang='lat' dir='ltr'>por</span> <span class='ocrx_word' id='word_1_66' title='bbox 578 2604 715 2669; x_wconf 83' lang='lat' dir='ltr'>latorem</span> <span class='ocrx_word' id='word_1_67' title='bbox 746 2602 958 2689; x_wconf 76' lang='lat' dir='ltr'>prasentium</span> <span class='ocrx_word' id='word_1_68' title='bbox 988 2601 1183 2687; x_wconf 83' lang='lat' dir='ltr'>burgensem</span> <span class='ocrx_word' id='word_1_69' title='bbox 1214 2577 1710 2677; x_wconf 65' lang='lat' dir='ltr'>Iemovicensen1,ct⁸¹²‘¹¹¹⁰¹¹⁰¹¹·</span> 
     </span>
     <span class='ocr_line' id='line_1_12' title="bbox 491 2704 1544 2791; baseline -0.002 -20"><span class='ocrx_word' id='word_1_70' title='bbox 491 2708 604 2772; x_wconf 78' lang='lat' dir='ltr'>literas</span> <span class='ocrx_word' id='word_1_71' title='bbox 628 2706 723 2770; x_wconf 88' lang='lat' dir='ltr'>vobis</span> <span class='ocrx_word' id='word_1_72' title='bbox 747 2704 888 2769; x_wconf 83' lang='lat' dir='ltr'>directas</span> <span class='ocrx_word' id='word_1_73' title='bbox 911 2724 992 2789; x_wconf 86' lang='lat' dir='ltr'>quas</span> <span class='ocrx_word' id='word_1_74' title='bbox 1015 2708 1094 2768; x_wconf 82' lang='lat' dir='ltr'>ante</span> <span class='ocrx_word' id='word_1_75' title='bbox 1124 2704 1306 2769; x_wconf 87' lang='lat' dir='ltr'>adventum</span> <span class='ocrx_word' id='word_1_76' title='bbox 1337 2726 1432 2769; x_wconf 91' lang='lat' dir='ltr'>suum</span> <span class='ocrx_word' id='word_1_77' title='bbox 1455 2704 1544 2791; x_wconf 86' lang='lat' dir='ltr'>apud</span> 
     </span>
     <span class='ocr_line' id='line_1_13' title="bbox 495 2804 1544 2893; baseline -0.001 -20"><span class='ocrx_word' id='word_1_78' title='bbox 495 2809 637 2873; x_wconf 85' lang='lat' dir='ltr'>Parisius</span> <span class='ocrx_word' id='word_1_79' title='bbox 660 2806 853 2892; x_wconf 81' lang='lat' dir='ltr'>scripseram</span> <span class='ocrx_word' id='word_1_80' title='bbox 877 2827 975 2891; x_wconf 81' lang='lat' dir='ltr'>super</span> <span class='ocrx_word' id='word_1_81' title='bbox 998 2804 1131 2893; x_wconf 87' lang='lat' dir='ltr'>negotio</span> <span class='ocrx_word' id='word_1_82' title='bbox 1154 2806 1235 2870; x_wconf 92' lang='lat' dir='ltr'>mihi</span> <span class='ocrx_word' id='word_1_83' title='bbox 1266 2807 1446 2886; x_wconf 88' lang='lat' dir='ltr'>commisso,</span> <span class='ocrx_word' id='word_1_84' title='bbox 1471 2829 1544 2872; x_wconf 87' lang='lat' dir='ltr'>ncc-</span> 
     </span>
     <span class='ocr_line' id='line_1_14' title="bbox 491 2908 1547 2996; baseline -0.002 -20"><span class='ocrx_word' id='word_1_85' title='bbox 491 2933 558 2976; x_wconf 91' lang='lat' dir='ltr'>non</span> <span class='ocrx_word' id='word_1_86' title='bbox 580 2918 614 2974; x_wconf 85' lang='lat' dir='ltr'>ct</span> <span class='ocrx_word' id='word_1_87' title='bbox 637 2909 767 2974; x_wconf 89' lang='lat' dir='ltr'>literam</span> <span class='ocrx_word' id='word_1_88' title='bbox 792 2909 1015 2994; x_wconf 86' lang='lat' dir='ltr'>responsivam</span> <span class='ocrx_word' id='word_1_89' title='bbox 1038 2908 1165 2973; x_wconf 84' lang='lat' dir='ltr'>domini</span> <span class='ocrx_word' id='word_1_90' title='bbox 1179 2909 1265 2995; x_wconf 84' lang='lat' dir='ltr'>regis</span> <span class='ocrx_word' id='word_1_91' title='bbox 1281 2910 1427 2977; x_wconf 82' lang='lat' dir='ltr'>Franciae</span> <span class='ocrx_word' id='word_1_92' title='bbox 1449 2932 1547 2996; x_wconf 85' lang='lat' dir='ltr'>super</span> 
     </span>
     <span class='ocr_line' id='line_1_15' title="bbox 491 3010 1545 3100; baseline -0.001 -22"><span class='ocrx_word' id='word_1_93' title='bbox 491 3014 625 3100; x_wconf 86' lang='lat' dir='ltr'>nogotio</span> <span class='ocrx_word' id='word_1_94' title='bbox 663 3010 831 3098; x_wconf 77' lang='lat' dir='ltr'>praedicto,</span> <span class='ocrx_word' id='word_1_95' title='bbox 870 3032 951 3097; x_wconf 89' lang='lat' dir='ltr'>quas</span> <span class='ocrx_word' id='word_1_96' title='bbox 989 3011 1160 3076; x_wconf 83' lang='lat' dir='ltr'>credebam</span> <span class='ocrx_word' id='word_1_97' title='bbox 1198 3010 1364 3076; x_wconf 90' lang='lat' dir='ltr'>dominam</span> <span class='ocrx_word' id='word_1_98' title='bbox 1398 3013 1545 3099; x_wconf 80' lang='lat' dir='ltr'>reginam</span> 
     </span>
     <span class='ocr_line' id='line_1_16' title="bbox 494 3112 1546 3199; baseline -0.001 -18"><span class='ocrx_word' id='word_1_99' title='bbox 494 3116 642 3181; x_wconf 77' lang='lat' dir='ltr'>Francia</span> <span class='ocrx_word' id='word_1_100' title='bbox 672 3114 856 3193; x_wconf 83' lang='lat' dir='ltr'>missuram,</span> <span class='ocrx_word' id='word_1_101' title='bbox 886 3117 926 3178; x_wconf 89' lang='lat' dir='ltr'>ut</span> <span class='ocrx_word' id='word_1_102' title='bbox 960 3112 1042 3177; x_wconf 91' lang='lat' dir='ltr'>mihi</span> <span class='ocrx_word' id='word_1_103' title='bbox 1064 3114 1269 3199; x_wconf 75' lang='lat' dir='ltr'>promiserat,</span> <span class='ocrx_word' id='word_1_104' title='bbox 1292 3113 1439 3179; x_wconf 86' lang='lat' dir='ltr'>celeriter</span> <span class='ocrx_word' id='word_1_105' title='bbox 1472 3138 1546 3180; x_wconf 91' lang='lat' dir='ltr'>oum</span> 
     </span>
     <span class='ocr_line' id='line_1_17' title="bbox 492 3214 1547 3301; baseline -0.004 -18"><span class='ocrx_word' id='word_1_106' title='bbox 492 3219 567 3283; x_wconf 77' lang='lat' dir='ltr'>aliis</span> <span class='ocrx_word' id='word_1_107' title='bbox 589 3217 696 3283; x_wconf 85' lang='lat' dir='ltr'>literis</span> <span class='ocrx_word' id='word_1_108' title='bbox 717 3216 787 3281; x_wconf 90' lang='lat' dir='ltr'>suis</span> <span class='ocrx_word' id='word_1_109' title='bbox 809 3220 844 3280; x_wconf 90' lang='lat' dir='ltr'>et</span> <span class='ocrx_word' id='word_1_110' title='bbox 867 3214 948 3280; x_wconf 89' lang='lat' dir='ltr'>meis</span> <span class='ocrx_word' id='word_1_111' title='bbox 971 3214 1105 3279; x_wconf 85' lang='lat' dir='ltr'>domino</span> <span class='ocrx_word' id='word_1_112' title='bbox 1128 3216 1198 3301; x_wconf 87' lang='lat' dir='ltr'>regi</span> <span class='ocrx_word' id='word_1_113' title='bbox 1221 3220 1257 3280; x_wconf 88' lang='lat' dir='ltr'>et</span> <span class='ocrx_word' id='word_1_114' title='bbox 1279 3216 1402 3301; x_wconf 74' lang='lat' dir='ltr'>reginae</span> <span class='ocrx_word' id='word_1_115' title='bbox 1427 3216 1547 3281; x_wconf 88' lang='lat' dir='ltr'>nostris</span> 
     </span>
     <span class='ocr_line' id='line_1_18' title="bbox 493 3317 1547 3407; baseline -0.003 -22"><span class='ocrx_word' id='word_1_116' title='bbox 493 3320 636 3400; x_wconf 90' lang='lat' dir='ltr'>directis,</span> <span class='ocrx_word' id='word_1_117' title='bbox 670 3341 729 3407; x_wconf 84' lang='lat' dir='ltr'>per</span> <span class='ocrx_word' id='word_1_118' title='bbox 763 3340 859 3384; x_wconf 89' lang='lat' dir='ltr'>suum</span> <span class='ocrx_word' id='word_1_119' title='bbox 882 3317 1040 3382; x_wconf 90' lang='lat' dir='ltr'>nuntium</span> <span class='ocrx_word' id='word_1_120' title='bbox 1071 3317 1254 3404; x_wconf 88' lang='lat' dir='ltr'>specialem,</span> <span class='ocrx_word' id='word_1_121' title='bbox 1285 3338 1360 3382; x_wconf 91' lang='lat' dir='ltr'>cum</span> <span class='ocrx_word' id='word_1_122' title='bbox 1390 3341 1450 3405; x_wconf 90' lang='lat' dir='ltr'>ego</span> <span class='ocrx_word' id='word_1_123' title='bbox 1479 3340 1547 3383; x_wconf 92' lang='lat' dir='ltr'>non</span> 
     </span>
     <span class='ocr_line' id='line_1_19' title="bbox 495 3418 1547 3506; baseline -0.003 -18"><span class='ocrx_word' id='word_1_124' title='bbox 495 3423 649 3488; x_wconf 87' lang='lat' dir='ltr'>haberem</span> <span class='ocrx_word' id='word_1_125' title='bbox 682 3442 809 3486; x_wconf 85' lang='lat' dir='ltr'>mecum</span> <span class='ocrx_word' id='word_1_126' title='bbox 841 3442 901 3485; x_wconf 91' lang='lat' dir='ltr'>nec</span> <span class='ocrx_word' id='word_1_127' title='bbox 931 3418 1070 3484; x_wconf 84' lang='lat' dir='ltr'>habeam</span> <span class='ocrx_word' id='word_1_128' title='bbox 1103 3419 1166 3483; x_wconf 90' lang='lat' dir='ltr'>nisi</span> <span class='ocrx_word' id='word_1_129' title='bbox 1197 3419 1331 3484; x_wconf 91' lang='lat' dir='ltr'>unicum</span> <span class='ocrx_word' id='word_1_130' title='bbox 1354 3420 1547 3506; x_wconf 83' lang='lat' dir='ltr'>garcionem.</span> 
     </span>
    </p>

    <p class='ocr_par' dir='ltr' id='par_1_6' title="bbox 493 3520 1552 4837">
     <span class='ocr_line' id='line_1_20' title="bbox 494 3520 1548 3610; baseline -0.001 -21"><span class='ocrx_word' id='word_1_131' title='bbox 494 3525 587 3589; x_wconf 85' lang='lat' dir='ltr'>Alias</span> <span class='ocrx_word' id='word_1_132' title='bbox 609 3546 687 3589; x_wconf 85' lang='lat' dir='ltr'>vero</span> <span class='ocrx_word' id='word_1_133' title='bbox 709 3523 823 3587; x_wconf 80' lang='lat' dir='ltr'>literas</span> <span class='ocrx_word' id='word_1_134' title='bbox 845 3542 934 3586; x_wconf 81' lang='lat' dir='ltr'>meas</span> <span class='ocrx_word' id='word_1_135' title='bbox 957 3544 1032 3606; x_wconf 73' lang='lat' dir='ltr'>quse</span> <span class='ocrx_word' id='word_1_136' title='bbox 1054 3521 1245 3608; x_wconf 75' lang='lat' dir='ltr'>‹lirigrmtur</span> <span class='ocrx_word' id='word_1_137' title='bbox 1267 3520 1400 3587; x_wconf 88' lang='lat' dir='ltr'>domino</span> <span class='ocrx_word' id='word_1_138' title='bbox 1421 3523 1491 3610; x_wconf 86' lang='lat' dir='ltr'>regi</span> <span class='ocrx_word' id='word_1_139' title='bbox 1514 3528 1548 3588; x_wconf 88' lang='lat' dir='ltr'>et</span> 
     </span>
     <span class='ocr_line' id='line_1_21' title="bbox 493 3624 1548 3715; baseline 0 -22"><span class='ocrx_word' id='word_1_140' title='bbox 493 3629 614 3715; x_wconf 79' lang='lat' dir='ltr'>reginae</span> <span class='ocrx_word' id='word_1_141' title='bbox 652 3626 775 3691; x_wconf 85' lang='lat' dir='ltr'>nostris</span> <span class='ocrx_word' id='word_1_142' title='bbox 810 3624 943 3690; x_wconf 86' lang='lat' dir='ltr'>mittam</span> <span class='ocrx_word' id='word_1_143' title='bbox 977 3645 1035 3710; x_wconf 89' lang='lat' dir='ltr'>per</span> <span class='ocrx_word' id='word_1_144' title='bbox 1067 3625 1226 3689; x_wconf 89' lang='lat' dir='ltr'>nuntium</span> <span class='ocrx_word' id='word_1_145' title='bbox 1260 3625 1402 3692; x_wconf 75' lang='lat' dir='ltr'>dominas</span> <span class='ocrx_word' id='word_1_146' title='bbox 1425 3627 1548 3713; x_wconf 68' lang='lat' dir='ltr'>reginas</span> 
     </span>
     <span class='ocr_line' id='line_1_22' title="bbox 495 3719 1550 3813; baseline 0 -18"><span class='ocrx_word' id='word_1_147' title='bbox 495 3753 563 3795; x_wconf 91' lang='lat' dir='ltr'>una</span> <span class='ocrx_word' id='word_1_148' title='bbox 592 3750 667 3795; x_wconf 89' lang='lat' dir='ltr'>cum</span> <span class='ocrx_word' id='word_1_149' title='bbox 697 3727 803 3793; x_wconf 88' lang='lat' dir='ltr'>literis</span> <span class='ocrx_word' id='word_1_150' title='bbox 833 3727 900 3791; x_wconf 84' lang='lat' dir='ltr'>suis</span> <span class='ocrx_word' id='word_1_151' title='bbox 938 3719 1071 3792; x_wconf 83' lang='lat' dir='ltr'>directis</span> <span class='ocrx_word' id='word_1_152' title='bbox 1101 3726 1234 3805; x_wconf 85' lang='lat' dir='ltr'>eisdem,</span> <span class='ocrx_word' id='word_1_153' title='bbox 1263 3729 1321 3813; x_wconf 91' lang='lat' dir='ltr'>qui</span> <span class='ocrx_word' id='word_1_154' title='bbox 1351 3730 1481 3795; x_wconf 83' lang='lat' dir='ltr'>recedet</span> <span class='ocrx_word' id='word_1_155' title='bbox 1510 3733 1550 3795; x_wconf 90' lang='lat' dir='ltr'>ut</span> 
     </span>
     <span class='ocr_line' id='line_1_23' title="bbox 494 3828 1550 3920; baseline 0 -23"><span class='ocrx_word' id='word_1_156' title='bbox 494 3853 589 3920; x_wconf 86' lang='lat' dir='ltr'>spero</span> <span class='ocrx_word' id='word_1_157' title='bbox 611 3831 753 3896; x_wconf 85' lang='lat' dir='ltr'>finnitcr</span> <span class='ocrx_word' id='word_1_158' title='bbox 775 3828 862 3895; x_wconf 88' lang='lat' dir='ltr'>infra</span> <span class='ocrx_word' id='word_1_159' title='bbox 884 3830 967 3894; x_wconf 87' lang='lat' dir='ltr'>duos</span> <span class='ocrx_word' id='word_1_160' title='bbox 990 3829 1061 3894; x_wconf 83' lang='lat' dir='ltr'>dies</span> <span class='ocrx_word' id='word_1_161' title='bbox 1083 3852 1105 3894; x_wconf 92' lang='lat' dir='ltr'>a</span> <span class='ocrx_word' id='word_1_162' title='bbox 1126 3830 1207 3895; x_wconf 85' lang='lat' dir='ltr'>data</span> <span class='ocrx_word' id='word_1_163' title='bbox 1228 3831 1442 3917; x_wconf 74' lang='lat' dir='ltr'>praesentium</span> <span class='ocrx_word' id='word_1_164' title='bbox 1464 3854 1550 3897; x_wconf 91' lang='lat' dir='ltr'>com·</span> 
     </span>
     <span class='ocr_line' id='line_1_24' title="bbox 495 3931 1550 4021; baseline -0.001 -21"><span class='ocrx_word' id='word_1_165' title='bbox 495 3933 669 4021; x_wconf 81' lang='lat' dir='ltr'>putandos.</span> <span class='ocrx_word' id='word_1_166' title='bbox 730 3931 830 3997; x_wconf 82' lang='lat' dir='ltr'>Unda</span> <span class='ocrx_word' id='word_1_167' title='bbox 860 3952 934 3995; x_wconf 82' lang='lat' dir='ltr'>cum</span> <span class='ocrx_word' id='word_1_168' title='bbox 964 3937 1073 3996; x_wconf 89' lang='lat' dir='ltr'>totum</span> <span class='ocrx_word' id='word_1_169' title='bbox 1105 3932 1228 3997; x_wconf 82' lang='lat' dir='ltr'>lactum</span> <span class='ocrx_word' id='word_1_170' title='bbox 1259 3939 1294 3998; x_wconf 84' lang='lat' dir='ltr'>et</span> <span class='ocrx_word' id='word_1_171' title='bbox 1324 3938 1397 3999; x_wconf 86' lang='lat' dir='ltr'>totu</span> <span class='ocrx_word' id='word_1_172' title='bbox 1426 3935 1550 4000; x_wconf 82' lang='lat' dir='ltr'>veritas</span> 
     </span>
     <span class='ocr_line' id='line_1_25' title="bbox 496 4033 1550 4120; baseline 0 -18"><span class='ocrx_word' id='word_1_173' title='bbox 496 4036 707 4102; x_wconf 88' lang='lat' dir='ltr'>contineatur</span> <span class='ocrx_word' id='word_1_174' title='bbox 739 4034 774 4098; x_wconf 91' lang='lat' dir='ltr'>in</span> <span class='ocrx_word' id='word_1_175' title='bbox 808 4033 914 4098; x_wconf 88' lang='lat' dir='ltr'>literis</span> <span class='ocrx_word' id='word_1_176' title='bbox 948 4055 1030 4119; x_wconf 87' lang='lat' dir='ltr'>quas</span> <span class='ocrx_word' id='word_1_177' title='bbox 1064 4056 1122 4120; x_wconf 84' lang='lat' dir='ltr'>per</span> <span class='ocrx_word' id='word_1_178' title='bbox 1155 4034 1292 4100; x_wconf 90' lang='lat' dir='ltr'>latorem</span> <span class='ocrx_word' id='word_1_179' title='bbox 1325 4036 1418 4101; x_wconf 89' lang='lat' dir='ltr'>vobis</span> <span class='ocrx_word' id='word_1_180' title='bbox 1442 4038 1550 4118; x_wconf 89' lang='lat' dir='ltr'>mitto,</span> 
     </span>
     <span class='ocr_line' id='line_1_26' title="bbox 496 4134 1552 4226; baseline 0.001 -23"><span class='ocrx_word' id='word_1_181' title='bbox 496 4138 643 4225; x_wconf 88' lang='lat' dir='ltr'>supplico</span> <span class='ocrx_word' id='word_1_182' title='bbox 665 4144 705 4202; x_wconf 91' lang='lat' dir='ltr'>ut</span> <span class='ocrx_word' id='word_1_183' title='bbox 727 4134 843 4201; x_wconf 87' lang='lat' dir='ltr'>statim</span> <span class='ocrx_word' id='word_1_184' title='bbox 864 4134 908 4199; x_wconf 88' lang='lat' dir='ltr'>ad</span> <span class='ocrx_word' id='word_1_185' title='bbox 932 4134 1040 4200; x_wconf 92' lang='lat' dir='ltr'>minus</span> <span class='ocrx_word' id='word_1_186' title='bbox 1062 4136 1149 4201; x_wconf 83' lang='lat' dir='ltr'>infra</span> <span class='ocrx_word' id='word_1_187' title='bbox 1172 4137 1254 4203; x_wconf 89' lang='lat' dir='ltr'>duos</span> <span class='ocrx_word' id='word_1_188' title='bbox 1276 4138 1345 4204; x_wconf 81' lang='lat' dir='ltr'>dies</span> <span class='ocrx_word' id='word_1_189' title='bbox 1368 4140 1552 4226; x_wconf 81' lang='lat' dir='ltr'>expediatis</span> 
     </span>
     <span class='ocr_line' id='line_1_27' title="bbox 497 4236 1552 4328; baseline 0.002 -23"><span class='ocrx_word' id='word_1_190' title='bbox 497 4240 677 4327; x_wconf 85' lang='lat' dir='ltr'>negotium,</span> <span class='ocrx_word' id='word_1_191' title='bbox 699 4239 728 4303; x_wconf 93' lang='lat' dir='ltr'>si</span> <span class='ocrx_word' id='word_1_192' title='bbox 752 4236 886 4302; x_wconf 88' lang='lat' dir='ltr'>domino</span> <span class='ocrx_word' id='word_1_193' title='bbox 909 4239 977 4323; x_wconf 88' lang='lat' dir='ltr'>regi</span> <span class='ocrx_word' id='word_1_194' title='bbox 1005 4244 1039 4303; x_wconf 91' lang='lat' dir='ltr'>et</span> <span class='ocrx_word' id='word_1_195' title='bbox 1069 4240 1263 4305; x_wconf 85' lang='lat' dir='ltr'>consiliariis</span> <span class='ocrx_word' id='word_1_196' title='bbox 1293 4241 1362 4306; x_wconf 90' lang='lat' dir='ltr'>suis</span> <span class='ocrx_word' id='word_1_197' title='bbox 1392 4242 1552 4328; x_wconf 87' lang='lat' dir='ltr'>placuerit</span> 
     </span>
     <span class='ocr_line' id='line_1_28' title="bbox 497 4340 1551 4433; baseline -0.001 -24"><span class='ocrx_word' id='word_1_198' title='bbox 497 4343 585 4430; x_wconf 85' lang='lat' dir='ltr'>quod</span> <span class='ocrx_word' id='word_1_199' title='bbox 608 4341 779 4428; x_wconf 80' lang='lat' dir='ltr'>negotium</span> <span class='ocrx_word' id='word_1_200' title='bbox 802 4341 848 4405; x_wconf 90' lang='lat' dir='ltr'>sic</span> <span class='ocrx_word' id='word_1_201' title='bbox 871 4340 1036 4426; x_wconf 88' lang='lat' dir='ltr'>procedat,</span> <span class='ocrx_word' id='word_1_202' title='bbox 1059 4363 1138 4406; x_wconf 88' lang='lat' dir='ltr'>nam</span> <span class='ocrx_word' id='word_1_203' title='bbox 1161 4342 1235 4408; x_wconf 89' lang='lat' dir='ltr'>ideo</span> <span class='ocrx_word' id='word_1_204' title='bbox 1258 4366 1317 4430; x_wconf 88' lang='lat' dir='ltr'>per</span> <span class='ocrx_word' id='word_1_205' title='bbox 1343 4344 1444 4433; x_wconf 88' lang='lat' dir='ltr'>istum</span> <span class='ocrx_word' id='word_1_206' title='bbox 1467 4366 1551 4408; x_wconf 90' lang='lat' dir='ltr'>nun-</span> 
     </span>
     <span class='ocr_line' id='line_1_29' title="bbox 499 4442 1551 4532; baseline 0 -22"><span class='ocrx_word' id='word_1_207' title='bbox 499 4447 585 4510; x_wconf 90' lang='lat' dir='ltr'>tium</span> <span class='ocrx_word' id='word_1_208' title='bbox 609 4445 667 4508; x_wconf 78' lang='lat' dir='ltr'>lias</span> <span class='ocrx_word' id='word_1_209' title='bbox 689 4442 834 4530; x_wconf 72' lang='lat' dir='ltr'>praemisi</span> <span class='ocrx_word' id='word_1_210' title='bbox 856 4442 979 4519; x_wconf 85' lang='lat' dir='ltr'>literas,</span> <span class='ocrx_word' id='word_1_211' title='bbox 995 4447 1034 4507; x_wconf 89' lang='lat' dir='ltr'>ut</span> <span class='ocrx_word' id='word_1_212' title='bbox 1048 4446 1242 4531; x_wconf 74' lang='lat' dir='ltr'>praemuniti</span> <span class='ocrx_word' id='word_1_213' title='bbox 1258 4446 1360 4510; x_wconf 87' lang='lat' dir='ltr'>citius</span> <span class='ocrx_word' id='word_1_214' title='bbox 1376 4467 1437 4509; x_wconf 90' lang='lat' dir='ltr'>vos</span> <span class='ocrx_word' id='word_1_215' title='bbox 1452 4467 1551 4532; x_wconf 86' lang='lat' dir='ltr'>expe·</span> 
     </span>
     <span class='ocr_line' id='line_1_30' title="bbox 499 4546 1552 4634; baseline 0.001 -20"><span class='ocrx_word' id='word_1_216' title='bbox 499 4548 570 4614; x_wconf 87' lang='lat' dir='ltr'>diro</span> <span class='ocrx_word' id='word_1_217' title='bbox 586 4548 705 4613; x_wconf 85' lang='lat' dir='ltr'>volitis.</span> <span class='ocrx_word' id='word_1_218' title='bbox 747 4546 903 4613; x_wconf 82' lang='lat' dir='ltr'>Ceterum</span> <span class='ocrx_word' id='word_1_219' title='bbox 926 4548 1006 4632; x_wconf 87' lang='lat' dir='ltr'>quia</span> <span class='ocrx_word' id='word_1_220' title='bbox 1028 4568 1102 4612; x_wconf 87' lang='lat' dir='ltr'>mca</span> <span class='ocrx_word' id='word_1_221' title='bbox 1118 4554 1136 4581; x_wconf 92' lang='lat'><strong>“</strong></span> <span class='ocrx_word' id='word_1_222' title='bbox 1148 4569 1200 4611; x_wconf 85' lang='lat' dir='ltr'>ros</span> <span class='ocrx_word' id='word_1_223' title='bbox 1215 4549 1336 4634; x_wconf 84' lang='lat' dir='ltr'>agitur,</span> <span class='ocrx_word' id='word_1_224' title='bbox 1353 4550 1463 4634; x_wconf 87' lang='lat' dir='ltr'>paries</span> <span class='ocrx_word' id='word_1_225' title='bbox 1477 4562 1552 4615; x_wconf 84' lang='lat' dir='ltr'>cum</span> 
     </span>
     <span class='ocr_line' id='line_1_31' title="bbox 500 4648 1552 4737; baseline 0.002 -22"><span class='ocrx_word' id='word_1_226' title='bbox 500 4657 518 4685; x_wconf 76' lang='lat'>‘³</span> <span class='ocrx_word' id='word_1_227' title='bbox 542 4650 713 4737; x_wconf 84' lang='lat' dir='ltr'>proximus</span> <span class='ocrx_word' id='word_1_228' title='bbox 741 4648 865 4725; x_wconf 86' lang='lat' dir='ltr'>ardet,’&#39;</span> <span class='ocrx_word' id='word_1_229' title='bbox 884 4649 1108 4713; x_wconf 85' lang='lat' dir='ltr'>dominationi</span> <span class='ocrx_word' id='word_1_230' title='bbox 1132 4654 1251 4715; x_wconf 74' lang='lat' dir='ltr'>vostrae</span> <span class='ocrx_word' id='word_1_231' title='bbox 1277 4651 1423 4737; x_wconf 87' lang='lat' dir='ltr'>supplico</span> <span class='ocrx_word' id='word_1_232' title='bbox 1446 4652 1552 4717; x_wconf 87' lang='lat' dir='ltr'>modis</span> 
     </span>
     <span class='ocr_line' id='line_1_32' title="bbox 500 4750 1551 4837; baseline 0.009 -24"><span class='ocrx_word' id='word_1_233' title='bbox 500 4752 652 4817; x_wconf 85' lang='lat' dir='ltr'>omnibus</span> <span class='ocrx_word' id='word_1_234' title='bbox 682 4751 803 4836; x_wconf 84' lang='lat' dir='ltr'>quibus</span> <span class='ocrx_word' id='word_1_235' title='bbox 832 4772 966 4837; x_wconf 83' lang='lat' dir='ltr'>possum</span> <span class='ocrx_word' id='word_1_236' title='bbox 993 4750 1080 4835; x_wconf 88' lang='lat' dir='ltr'>qnod</span> <span class='ocrx_word' id='word_1_237' title='bbox 1111 4752 1283 4837; x_wconf 85' lang='lat' dir='ltr'>negotium</span> <span class='ocrx_word' id='word_1_238' title='bbox 1307 4753 1396 4819; x_wconf 72' lang='lat' dir='ltr'>villa</span> <span class='ocrx_word' id='word_1_239' title='bbox 1421 4758 1551 4834; x_wconf 85' lang='lat' dir='ltr'>nostrae,</span> 
     </span>
    </p>
   </div>
   <div class='ocr_carea' id='block_1_5' title="bbox 500 5016 1553 5233">
    <p class='ocr_par' dir='ltr' id='par_1_7' title="bbox 500 5016 1553 5233">
     <span class='ocr_line' id='line_1_33' title="bbox 535 5016 1553 5086; baseline 0.009 -20"><span class='ocrx_word' id='word_1_240' title='bbox 535 5017 677 5080; x_wconf 80' lang='lat' dir='ltr'>&#39;Compare</span> <span class='ocrx_word' id='word_1_241' title='bbox 704 5016 753 5065; x_wconf 79' lang='lat' dir='ltr'>this</span> <span class='ocrx_word' id='word_1_242' title='bbox 778 5018 849 5066; x_wconf 79' lang='lat' dir='ltr'>letter</span> <span class='ocrx_word' id='word_1_243' title='bbox 875 5018 934 5066; x_wconf 80' lang='lat' dir='ltr'>with</span> <span class='ocrx_word' id='word_1_244' title='bbox 961 5019 1002 5068; x_wconf 85' lang='lat' dir='ltr'>the</span> <span class='ocrx_word' id='word_1_245' title='bbox 1053 5019 1167 5081; x_wconf 76' lang='lat' dir='ltr'>tingnish</span> <span class='ocrx_word' id='word_1_246' title='bbox 1180 5020 1240 5069; x_wconf 76' lang='lat' dir='ltr'>with</span> <span class='ocrx_word' id='word_1_247' title='bbox 1253 5022 1375 5086; x_wconf 75' lang='lat' dir='ltr'>certainly</span> <span class='ocrx_word' id='word_1_248' title='bbox 1388 5024 1498 5075; x_wconf 64' lang='lat' dir='ltr'>mawron</span> <span class='ocrx_word' id='word_1_249' title='bbox 1511 5024 1553 5075; x_wconf 77' lang='lat' dir='ltr'>ahc</span> 
     </span>
     <span class='ocr_line' id='line_1_34' title="bbox 500 5096 1553 5171; baseline 0.009 -26"><span class='ocrx_word' id='word_1_250' title='bbox 500 5096 635 5160; x_wconf 59' lang='lat' dir='ltr'>preceding</span> <span class='ocrx_word' id='word_1_251' title='bbox 666 5097 715 5144; x_wconf 85' lang='lat' dir='ltr'>aad</span> <span class='ocrx_word' id='word_1_252' title='bbox 752 5097 835 5145; x_wconf 64' lang='lat' dir='ltr'>letters</span> <span class='ocrx_word' id='word_1_253' title='bbox 872 5096 1002 5151; x_wconf 72' lang='lat' dir='ltr'>Dxcva.</span> <span class='ocrx_word' id='word_1_254' title='bbox 1055 5099 1138 5147; x_wconf 81' lang='lat' dir='ltr'>lctturs</span> <span class='ocrx_word' id='word_1_255' title='bbox 1155 5099 1237 5149; x_wconf 81' lang='lat' dir='ltr'>which</span> <span class='ocrx_word' id='word_1_256' title='bbox 1249 5101 1311 5149; x_wconf 75' lang='lat' dir='ltr'>resur</span> <span class='ocrx_word' id='word_1_257' title='bbox 1319 5109 1345 5151; x_wconf 87' lang='lat' dir='ltr'>to</span> <span class='ocrx_word' id='word_1_258' title='bbox 1356 5103 1399 5153; x_wconf 83' lang='lat' dir='ltr'>tha</span> <span class='ocrx_word' id='word_1_259' title='bbox 1410 5111 1461 5153; x_wconf 77' lang='lat' dir='ltr'>two</span> <span class='ocrx_word' id='word_1_260' title='bbox 1476 5120 1553 5171; x_wconf 81' lang='lat' dir='ltr'>nego·</span> 
     </span>
     <span class='ocr_line' id='line_1_35' title="bbox 501 5173 1411 5233; baseline 0.007 -7"><span class='ocrx_word' id='word_1_261' title='bbox 501 5174 622 5226; x_wconf 76' lang='lat' dir='ltr'>Dxcm.</span> <span class='ocrx_word' id='word_1_262' title='bbox 658 5175 708 5223; x_wconf 85' lang='lat' dir='ltr'>But</span> <span class='ocrx_word' id='word_1_263' title='bbox 720 5173 739 5224; x_wconf 88' lang='lat' dir='ltr'>it</span> <span class='ocrx_word' id='word_1_264' title='bbox 756 5175 779 5225; x_wconf 79' lang='lat' dir='ltr'>is</span> <span class='ocrx_word' id='word_1_265' title='bbox 798 5174 1002 5227; x_wconf 79' lang='lat' dir='ltr'>difficulttodia·</span> <span class='ocrx_word' id='word_1_266' title='bbox 1053 5177 1263 5230; x_wconf 68' lang='lat' dir='ltr'>deuersorium</span> <span class='ocrx_word' id='word_1_267' title='bbox 1278 5182 1327 5230; x_wconf 80' lang='lat' dir='ltr'>and</span> <span class='ocrx_word' id='word_1_268' title='bbox 1342 5186 1411 5233; x_wconf 74' lang='lat'><strong>1263.</strong></span> 
     </span>
    </p>
   </div>
   <div class='ocr_carea' id='block_1_6' title="bbox 0 0 2205 6436">
    <p class='ocr_par' dir='ltr' id='par_1_8' title="bbox 0 0 2205 6436">
     <span class='ocr_line' id='line_1_36' title="bbox 0 0 2205 6436; baseline 0 0"><span class='ocrx_word' id='word_1_269' title='bbox 0 0 2205 6436; x_wconf 95' lang='lat' dir='ltr'> </span> 
     </span>
    </p>
   </div>
  </div>
 </body>
</html>
