<?xml version="1.0" encoding="UTF-8"?>
<!DOCTYPE html PUBLIC "-//W3C//DTD XHTML 1.0 Transitional//EN"
    "http://www.w3.org/TR/xhtml1/DTD/xhtml1-transitional.dtd">
<html xmlns="http://www.w3.org/1999/xhtml" xml:lang="en" lang="en">
 <head>
  <title>
</title>
<meta http-equiv="Content-Type" content="text/html;charset=utf-8" />
  <meta name='ocr-system' content='tesseract 3.04.00' />
  <meta name='ocr-capabilities' content='ocr_page ocr_carea ocr_par ocr_line ocrx_word'/>
</head>
<body>
  <div class='ocr_page' id='page_1' title='image "./royalandotherhi00henrgoog_0296.png"; bbox 0 0 4350 6442; ppageno 0'>
   <div class='ocr_carea' id='block_1_1' title="bbox 612 1214 1543 1279">
    <p class='ocr_par' dir='ltr' id='par_1_1' title="bbox 612 1214 1543 1279">
     <span class='ocr_line' id='line_1_1' title="bbox 612 1214 1543 1279; baseline 0.005 -6"><span class='ocrx_word' id='word_1_1' title='bbox 612 1214 860 1278; x_wconf 73' lang='lat' dir='ltr'>uuusr&#39;sn&#39;nvn</span> <span class='ocrx_word' id='word_1_2' title='bbox 882 1226 926 1275; x_wconf 85' lang='lat' dir='ltr'>or</span> <span class='ocrx_word' id='word_1_3' title='bbox 948 1226 1018 1274; x_wconf 78' lang='lat' dir='ltr'>rus·</span> <span class='ocrx_word' id='word_1_4' title='bbox 1041 1228 1149 1277; x_wconf 72' lang='lat' dir='ltr'>rursu</span> <span class='ocrx_word' id='word_1_5' title='bbox 1172 1228 1216 1276; x_wconf 80' lang='lat' dir='ltr'>or</span> <span class='ocrx_word' id='word_1_6' title='bbox 1239 1228 1358 1277; x_wconf 79' lang='lat' dir='ltr'>unuur</span> <span class='ocrx_word' id='word_1_7' title='bbox 1381 1229 1431 1277; x_wconf 87' lang='lat'>111.</span> <span class='ocrx_word' id='word_1_8' title='bbox 1478 1215 1543 1279; x_wconf 78' lang='lat'>213</span> 
     </span>
    </p>
   </div>
   <div class='ocr_carea' id='block_1_2' title="bbox 490 1401 1544 2413">
    <p class='ocr_par' dir='ltr' id='par_1_2' title="bbox 490 1401 1544 2187">
     <span class='ocr_line' id='line_1_2' title="bbox 493 1401 1544 1490; baseline 0.001 -22"><span class='ocrx_word' id='word_1_9' title='bbox 493 1403 686 1468; x_wconf 74' lang='lat' dir='ltr'>executione</span> <span class='ocrx_word' id='word_1_10' title='bbox 720 1401 951 1468; x_wconf 74' lang='lat' dir='ltr'>favorabiliter</span> <span class='ocrx_word' id='word_1_11' title='bbox 982 1403 1178 1480; x_wconf 80' lang='lat' dir='ltr'>admittetis,</span> <span class='ocrx_word' id='word_1_12' title='bbox 1214 1408 1248 1467; x_wconf 87' lang='lat' dir='ltr'>ot</span> <span class='ocrx_word' id='word_1_13' title='bbox 1282 1403 1432 1490; x_wconf 89' lang='lat' dir='ltr'>benigne,</span> <span class='ocrx_word' id='word_1_14' title='bbox 1466 1404 1544 1469; x_wconf 88' lang='lat' dir='ltr'>lieet</span> 
     </span>
     <span class='ocr_line' id='line_1_3' title="bbox 491 1504 1543 1592; baseline 0.003 -23"><span class='ocrx_word' id='word_1_15' title='bbox 491 1528 569 1591; x_wconf 81' lang='lat' dir='ltr'>orgo</span> <span class='ocrx_word' id='word_1_16' title='bbox 591 1505 700 1590; x_wconf 90' lang='lat' dir='ltr'>ipsum</span> <span class='ocrx_word' id='word_1_17' title='bbox 721 1505 832 1590; x_wconf 84' lang='lat' dir='ltr'>aliquo</span> <span class='ocrx_word' id='word_1_18' title='bbox 859 1504 956 1571; x_wconf 90' lang='lat' dir='ltr'>modo</span> <span class='ocrx_word' id='word_1_19' title='bbox 986 1504 1143 1570; x_wconf 85' lang='lat' dir='ltr'>commoti</span> <span class='ocrx_word' id='word_1_20' title='bbox 1172 1505 1302 1571; x_wconf 77' lang='lat' dir='ltr'>fileritis</span> <span class='ocrx_word' id='word_1_21' title='bbox 1328 1527 1387 1592; x_wconf 85' lang='lat' dir='ltr'>per</span> <span class='ocrx_word' id='word_1_22' title='bbox 1409 1507 1543 1572; x_wconf 86' lang='lat' dir='ltr'>aemulo-</span> 
     </span>
     <span class='ocr_line' id='line_1_4' title="bbox 492 1608 1542 1696; baseline 0.002 -23"><span class='ocrx_word' id='word_1_23' title='bbox 492 1632 564 1673; x_wconf 78' lang='lat' dir='ltr'>runi</span> <span class='ocrx_word' id='word_1_24' title='bbox 606 1610 858 1696; x_wconf 74' lang='lat' dir='ltr'>suggestionem,</span> <span class='ocrx_word' id='word_1_25' title='bbox 901 1608 1030 1673; x_wconf 82' lang='lat' dir='ltr'>salvum</span> <span class='ocrx_word' id='word_1_26' title='bbox 1073 1615 1108 1674; x_wconf 92' lang='lat' dir='ltr'>et</span> <span class='ocrx_word' id='word_1_27' title='bbox 1152 1632 1301 1676; x_wconf 81' lang='lat' dir='ltr'>securum</span> <span class='ocrx_word' id='word_1_28' title='bbox 1346 1611 1542 1676; x_wconf 87' lang='lat' dir='ltr'>oonduotum</span> 
     </span>
     <span class='ocr_line' id='line_1_5' title="bbox 493 1711 1544 1800; baseline 0.004 -25"><span class='ocrx_word' id='word_1_29' title='bbox 493 1716 640 1775; x_wconf 79' lang='lat' dir='ltr'>vestrum</span> <span class='ocrx_word' id='word_1_30' title='bbox 678 1711 802 1776; x_wconf 88' lang='lat' dir='ltr'>ibidem</span> <span class='ocrx_word' id='word_1_31' title='bbox 840 1711 1023 1790; x_wconf 82' lang='lat' dir='ltr'>secedendi,</span> <span class='ocrx_word' id='word_1_32' title='bbox 1057 1716 1092 1777; x_wconf 89' lang='lat' dir='ltr'>et</span> <span class='ocrx_word' id='word_1_33' title='bbox 1135 1733 1195 1798; x_wconf 92' lang='lat' dir='ltr'>pro</span> <span class='ocrx_word' id='word_1_34' title='bbox 1237 1711 1359 1778; x_wconf 84' lang='lat' dir='ltr'>nostris</span> <span class='ocrx_word' id='word_1_35' title='bbox 1401 1714 1544 1800; x_wconf 88' lang='lat' dir='ltr'>negotiis</span> 
     </span>
     <span class='ocr_line' id='line_1_6' title="bbox 490 1813 1542 1900; baseline 0.002 -22"><span class='ocrx_word' id='word_1_36' title='bbox 490 1813 704 1900; x_wconf 82' lang='lat' dir='ltr'>expediendis</span> <span class='ocrx_word' id='word_1_37' title='bbox 726 1813 958 1892; x_wconf 78' lang='lat' dir='ltr'>commorandi,</span> <span class='ocrx_word' id='word_1_38' title='bbox 981 1834 1019 1879; x_wconf 84' lang='lat' dir='ltr'>oe</span> <span class='ocrx_word' id='word_1_39' title='bbox 1048 1814 1140 1879; x_wconf 90' lang='lat' dir='ltr'>illino</span> <span class='ocrx_word' id='word_1_40' title='bbox 1171 1814 1262 1880; x_wconf 82' lang='lat' dir='ltr'>solvo</span> <span class='ocrx_word' id='word_1_41' title='bbox 1297 1815 1476 1894; x_wconf 78' lang='lat' dir='ltr'>recedendi,</span> <span class='ocrx_word' id='word_1_42' title='bbox 1499 1816 1542 1881; x_wconf 89' lang='lat' dir='ltr'>od</span> 
     </span>
     <span class='ocr_line' id='line_1_7' title="bbox 492 1915 1543 2005; baseline 0.002 -24"><span class='ocrx_word' id='word_1_43' title='bbox 492 1916 688 1981; x_wconf 81' lang='lat' dir='ltr'>instantium</span> <span class='ocrx_word' id='word_1_44' title='bbox 733 1921 880 1981; x_wconf 82' lang='lat' dir='ltr'>nostrum</span> <span class='ocrx_word' id='word_1_45' title='bbox 924 1915 1031 1980; x_wconf 88' lang='lat' dir='ltr'>eidem</span> <span class='ocrx_word' id='word_1_46' title='bbox 1080 1917 1302 1997; x_wconf 84' lang='lat' dir='ltr'>oonoedentes,</span> <span class='ocrx_word' id='word_1_47' title='bbox 1349 1941 1408 2005; x_wconf 91' lang='lat' dir='ltr'>per</span> <span class='ocrx_word' id='word_1_48' title='bbox 1454 1917 1543 2004; x_wconf 93' lang='lat' dir='ltr'>quod</span> 
     </span>
     <span class='ocr_line' id='line_1_8' title="bbox 492 2018 1543 2107; baseline 0.003 -24"><span class='ocrx_word' id='word_1_49' title='bbox 492 2026 612 2085; x_wconf 72' lang='lat' dir='ltr'>vestras</span> <span class='ocrx_word' id='word_1_50' title='bbox 634 2018 852 2085; x_wconf 81' lang='lat' dir='ltr'>sublimitatis</span> <span class='ocrx_word' id='word_1_51' title='bbox 874 2018 1130 2106; x_wconf 67' lang='lat' dir='ltr'>magnificentiae</span> <span class='ocrx_word' id='word_1_52' title='bbox 1162 2019 1205 2084; x_wconf 84' lang='lat' dir='ltr'>nd</span> <span class='ocrx_word' id='word_1_53' title='bbox 1236 2027 1345 2107; x_wconf 80' lang='lat' dir='ltr'>gratos</span> <span class='ocrx_word' id='word_1_54' title='bbox 1372 2026 1543 2087; x_wconf 76' lang='lat' dir='ltr'>teneamur</span> 
     </span>
     <span class='ocr_line' id='line_1_9' title="bbox 492 2122 1139 2187; baseline 0.002 -1"><span class='ocrx_word' id='word_1_55' title='bbox 492 2122 665 2187; x_wconf 82' lang='lat' dir='ltr'>uberiores.</span> <span class='ocrx_word' id='word_1_56' title='bbox 1136 2144 1139 2149; x_wconf 90' lang='lat'>·</span> 
     </span>
    </p>

    <p class='ocr_par' dir='ltr' id='par_1_3' title="bbox 492 2223 1540 2413">
     <span class='ocr_line' id='line_1_10' title="bbox 535 2223 1540 2311; baseline 0.004 -22"><span class='ocrx_word' id='word_1_57' title='bbox 535 2225 629 2290; x_wconf 87' lang='lat' dir='ltr'>Teste</span> <span class='ocrx_word' id='word_1_58' title='bbox 663 2247 715 2291; x_wconf 83' lang='lat' dir='ltr'>nro</span> <span class='ocrx_word' id='word_1_59' title='bbox 748 2226 819 2311; x_wconf 83' lang='lat' dir='ltr'>ipso</span> <span class='ocrx_word' id='word_1_60' title='bbox 851 2224 940 2311; x_wconf 87' lang='lat' dir='ltr'>apud</span> <span class='ocrx_word' id='word_1_61' title='bbox 962 2223 1186 2311; x_wconf 82' lang='lat' dir='ltr'>Tronequayr,</span> <span class='ocrx_word' id='word_1_62' title='bbox 1214 2225 1463 2293; x_wconf 81' lang='lat' dir='ltr'>decimotertio</span> <span class='ocrx_word' id='word_1_63' title='bbox 1487 2228 1540 2293; x_wconf 92' lang='lat' dir='ltr'>dio</span> 
     </span>
     <span class='ocr_line' id='line_1_11' title="bbox 492 2326 1231 2413; baseline 0.001 -22"><span class='ocrx_word' id='word_1_64' title='bbox 492 2327 514 2391; x_wconf 83' lang='lat' dir='ltr'>J</span> <span class='ocrx_word' id='word_1_65' title='bbox 517 2327 597 2407; x_wconf 89' lang='lat' dir='ltr'>unii,</span> <span class='ocrx_word' id='word_1_66' title='bbox 621 2350 707 2392; x_wconf 79' lang='lat' dir='ltr'>suno</span> <span class='ocrx_word' id='word_1_67' title='bbox 731 2326 823 2413; x_wconf 91' lang='lat' dir='ltr'>regni</span> <span class='ocrx_word' id='word_1_68' title='bbox 847 2326 952 2393; x_wconf 85' lang='lat' dir='ltr'>nostri</span> <span class='ocrx_word' id='word_1_69' title='bbox 976 2327 1102 2393; x_wconf 85' lang='lat' dir='ltr'>decimo</span> <span class='ocrx_word' id='word_1_70' title='bbox 1125 2327 1231 2393; x_wconf 85' lang='lat' dir='ltr'>tertio.</span> 
     </span>
    </p>
   </div>
   <div class='ocr_carea' id='block_1_3' title="bbox 920 2826 1104 2891">
    <p class='ocr_par' dir='ltr' id='par_1_4' title="bbox 920 2826 1104 2891">
     <span class='ocr_line' id='line_1_12' title="bbox 920 2826 1104 2891; baseline 0 0"><span class='ocrx_word' id='word_1_71' title='bbox 920 2826 1104 2891; x_wconf 89' lang='lat' dir='ltr'>DLXXVI.</span> 
     </span>
    </p>
   </div>
   <div class='ocr_carea' id='block_1_4' title="bbox 629 2962 1409 3162">
    <p class='ocr_par' dir='ltr' id='par_1_5' title="bbox 629 2962 1409 3162">
     <span class='ocr_line' id='line_1_13' title="bbox 629 2962 1409 3031; baseline 0.001 -3"><span class='ocrx_word' id='word_1_72' title='bbox 629 2964 757 3030; x_wconf 69' lang='lat' dir='ltr'>Hunni</span> <span class='ocrx_word' id='word_1_73' title='bbox 781 2962 838 3029; x_wconf 88' lang='lat' dir='ltr'>IV.</span> <span class='ocrx_word' id='word_1_74' title='bbox 862 2982 906 3029; x_wconf 87' lang='lat' dir='ltr'>ro</span> <span class='ocrx_word' id='word_1_75' title='bbox 928 2981 1000 3028; x_wconf 83' lang='lat' dir='ltr'>rnu</span> <span class='ocrx_word' id='word_1_76' title='bbox 1023 2964 1178 3030; x_wconf 76' lang='lat' dir='ltr'>Susurri·</span> <span class='ocrx_word' id='word_1_77' title='bbox 1200 2982 1244 3029; x_wconf 81' lang='lat' dir='ltr'>or</span> <span class='ocrx_word' id='word_1_78' title='bbox 1267 2964 1409 3031; x_wconf 73' lang='lat' dir='ltr'>Susssn</span> 
     </span>
     <span class='ocr_line' id='line_1_14' title="bbox 842 3096 1199 3162; baseline -0.008 -13"><span class='ocrx_word' id='word_1_79' title='bbox 842 3096 967 3162; x_wconf 78' lang='lat' dir='ltr'>(Chapter</span> <span class='ocrx_word' id='word_1_80' title='bbox 978 3097 1065 3148; x_wconf 81' lang='lat' dir='ltr'>llouse</span> <span class='ocrx_word' id='word_1_81' title='bbox 1076 3096 1199 3162; x_wconf 80' lang='lat' dir='ltr'>Miseeil.)</span> 
     </span>
    </p>
   </div>
   <div class='ocr_carea' id='block_1_5' title="bbox 540 3209 1655 3300">
    <p class='ocr_par' dir='ltr' id='par_1_6' title="bbox 540 3209 1655 3300">
     <span class='ocr_line' id='line_1_15' title="bbox 540 3209 1655 3300; baseline -0.003 -24"><span class='ocrx_word' id='word_1_82' title='bbox 540 3213 711 3291; x_wconf 81' lang='lat' dir='ltr'>liourious,</span> <span class='ocrx_word' id='word_1_83' title='bbox 735 3213 799 3277; x_wconf 90' lang='lat' dir='ltr'>Dei</span> <span class='ocrx_word' id='word_1_84' title='bbox 832 3212 943 3300; x_wconf 83' lang='lat' dir='ltr'>gratia</span> <span class='ocrx_word' id='word_1_85' title='bbox 973 3234 1031 3277; x_wconf 82' lang='lat' dir='ltr'>rex</span> <span class='ocrx_word' id='word_1_86' title='bbox 1063 3212 1203 3299; x_wconf 75' lang='lat' dir='ltr'>Anghae,</span> <span class='ocrx_word' id='word_1_87' title='bbox 1239 3211 1391 3276; x_wconf 85' lang='lat' dir='ltr'>dominus</span> <span class='ocrx_word' id='word_1_88' title='bbox 1423 3211 1543 3277; x_wconf 90' lang='lat' dir='ltr'>Hiber·</span> <span class='ocrx_word' id='word_1_89' title='bbox 1556 3209 1655 3273; x_wconf 64' lang='lat' dir='ltr'>aalys,</span> 
     </span>
    </p>
   </div>
   <div class='ocr_carea' id='block_1_6' title="bbox 495 3282 1629 3399">
    <p class='ocr_par' dir='ltr' id='par_1_7' title="bbox 495 3282 1629 3399">
     <span class='ocr_line' id='line_1_16' title="bbox 495 3282 1629 3399; baseline -0.001 -20"><span class='ocrx_word' id='word_1_90' title='bbox 495 3317 567 3391; x_wconf 70' lang='lat' dir='ltr'>nie,</span> <span class='ocrx_word' id='word_1_91' title='bbox 590 3322 624 3379; x_wconf 71' lang='lat' dir='ltr'>u</span> <span class='ocrx_word' id='word_1_92' title='bbox 646 3315 715 3379; x_wconf 75' lang='lat' dir='ltr'>oux</span> <span class='ocrx_word' id='word_1_93' title='bbox 738 3314 963 3399; x_wconf 61' lang='lat' dir='ltr'>Aquis-ennio»,</span> <span class='ocrx_word' id='word_1_94' title='bbox 986 3313 1172 3380; x_wconf 80' lang='lat' dir='ltr'>vioecomiti</span> <span class='ocrx_word' id='word_1_95' title='bbox 1195 3313 1368 3393; x_wconf 63' lang='lat' dir='ltr'>eoseum,</span> <span class='ocrx_word' id='word_1_96' title='bbox 1396 3313 1543 3379; x_wconf 71' lang='lat' dir='ltr'>saluum.</span> <span class='ocrx_word' id='word_1_97' title='bbox 1559 3282 1629 3327; x_wconf 73' lang='lat'><strong>¹²⁶²·</strong></span> 
     </span>
    </p>
   </div>
   <div class='ocr_carea' id='block_1_7' title="bbox 494 3415 1711 4323">
    <p class='ocr_par' dir='ltr' id='par_1_8' title="bbox 494 3415 1711 4219">
     <span class='ocr_line' id='line_1_17' title="bbox 541 3415 1659 3504; baseline 0.002 -21"><span class='ocrx_word' id='word_1_98' title='bbox 541 3418 624 3483; x_wconf 80' lang='lat' dir='ltr'>Cum</span> <span class='ocrx_word' id='word_1_99' title='bbox 648 3416 711 3481; x_wconf 91' lang='lat' dir='ltr'>viri</span> <span class='ocrx_word' id='word_1_100' title='bbox 736 3416 880 3504; x_wconf 83' lang='lat' dir='ltr'>religiosi</span> <span class='ocrx_word' id='word_1_101' title='bbox 904 3417 945 3481; x_wconf 89' lang='lat' dir='ltr'>de</span> <span class='ocrx_word' id='word_1_102' title='bbox 968 3438 1068 3503; x_wconf 87' lang='lat' dir='ltr'>regno</span> <span class='ocrx_word' id='word_1_103' title='bbox 1092 3420 1206 3480; x_wconf 86' lang='lat' dir='ltr'>nostro</span> <span class='ocrx_word' id='word_1_104' title='bbox 1228 3415 1269 3479; x_wconf 90' lang='lat' dir='ltr'>de</span> <span class='ocrx_word' id='word_1_105' title='bbox 1292 3416 1479 3480; x_wconf 82' lang='lat' dir='ltr'>summariis</span> <span class='ocrx_word' id='word_1_106' title='bbox 1501 3416 1543 3480; x_wconf 87' lang='lat' dir='ltr'>ud</span> <span class='ocrx_word' id='word_1_107' title='bbox 1557 3434 1659 3499; x_wconf 60' lang='lat' dir='ltr'>conspe!</span> 
     </span>
     <span class='ocr_line' id='line_1_18' title="bbox 495 3501 1686 3619; baseline -0.002 -36"><span class='ocrx_word' id='word_1_108' title='bbox 495 3520 652 3605; x_wconf 79' lang='lat' dir='ltr'>cupellam</span> <span class='ocrx_word' id='word_1_109' title='bbox 687 3524 834 3584; x_wconf 83' lang='lat' dir='ltr'>nostrum</span> <span class='ocrx_word' id='word_1_110' title='bbox 867 3518 1064 3606; x_wconf 76' lang='lat' dir='ltr'>portandum</span> <span class='ocrx_word' id='word_1_111' title='bbox 1099 3517 1194 3582; x_wconf 83' lang='lat' dir='ltr'>nobis</span> <span class='ocrx_word' id='word_1_112' title='bbox 1216 3516 1390 3603; x_wconf 85' lang='lat' dir='ltr'>providero</span> <span class='ocrx_word' id='word_1_113' title='bbox 1414 3501 1686 3619; x_wconf 49' lang='lat' dir='ltr'>teneou-fflenfflffi‘</span> 
     </span>
     <span class='ocr_line' id='line_1_19' title="bbox 495 3618 1699 3704; baseline 0.001 -19"><span class='ocrx_word' id='word_1_114' title='bbox 495 3629 558 3695; x_wconf 88' lang='lat' dir='ltr'>tur,</span> <span class='ocrx_word' id='word_1_115' title='bbox 592 3646 630 3686; x_wconf 82' lang='lat' dir='ltr'>ue</span> <span class='ocrx_word' id='word_1_116' title='bbox 664 3622 783 3686; x_wconf 81' lang='lat' dir='ltr'>dilecto</span> <span class='ocrx_word' id='word_1_117' title='bbox 821 3621 917 3686; x_wconf 86' lang='lat' dir='ltr'>nobis</span> <span class='ocrx_word' id='word_1_118' title='bbox 949 3620 1064 3685; x_wconf 77' lang='lat' dir='ltr'>abbati</span> <span class='ocrx_word' id='word_1_119' title='bbox 1099 3620 1140 3684; x_wconf 87' lang='lat' dir='ltr'>de</span> <span class='ocrx_word' id='word_1_120' title='bbox 1164 3618 1213 3683; x_wconf 84' lang='lat' dir='ltr'>Lo</span> <span class='ocrx_word' id='word_1_121' title='bbox 1235 3618 1374 3704; x_wconf 83' lang='lat' dir='ltr'>Butuyle</span> <span class='ocrx_word' id='word_1_122' title='bbox 1409 3619 1543 3684; x_wconf 72' lang='lat' dir='ltr'>ruundu</span> <span class='ocrx_word' id='word_1_123' title='bbox 1558 3636 1699 3697; x_wconf 71' lang='lat' dir='ltr'>inprovide</span> 
     </span>
     <span class='ocr_line' id='line_1_20' title="bbox 494 3712 1689 3819; baseline 0.001 -33"><span class='ocrx_word' id='word_1_124' title='bbox 494 3724 638 3788; x_wconf 80' lang='lat' dir='ltr'>verirnus</span> <span class='ocrx_word' id='word_1_125' title='bbox 660 3725 748 3809; x_wconf 87' lang='lat' dir='ltr'>quod</span> <span class='ocrx_word' id='word_1_126' title='bbox 778 3724 820 3789; x_wconf 91' lang='lat' dir='ltr'>do</span> <span class='ocrx_word' id='word_1_127' title='bbox 852 3746 918 3788; x_wconf 94' lang='lat' dir='ltr'>uno</span> <span class='ocrx_word' id='word_1_128' title='bbox 950 3723 1037 3789; x_wconf 88' lang='lat' dir='ltr'>bono</span> <span class='ocrx_word' id='word_1_129' title='bbox 1072 3728 1106 3787; x_wconf 92' lang='lat' dir='ltr'>et</span> <span class='ocrx_word' id='word_1_130' title='bbox 1138 3720 1217 3787; x_wconf 88' lang='lat' dir='ltr'>forti</span> <span class='ocrx_word' id='word_1_131' title='bbox 1250 3712 1689 3819; x_wconf 58' lang='lat' dir='ltr'>⁸⁰mmm4⁰¹¹⁰¹21⁸iii¹sii⁰if</span> 
     </span>
     <span class='ocr_line' id='line_1_21' title="bbox 494 3823 1703 3913; baseline 0.002 -25"><span class='ocrx_word' id='word_1_132' title='bbox 494 3827 665 3913; x_wconf 82' lang='lat' dir='ltr'>provideat</span> <span class='ocrx_word' id='word_1_133' title='bbox 689 3828 732 3891; x_wconf 86' lang='lat' dir='ltr'>od</span> <span class='ocrx_word' id='word_1_134' title='bbox 754 3827 909 3913; x_wconf 71' lang='lat' dir='ltr'>ospelloru</span> <span class='ocrx_word' id='word_1_135' title='bbox 941 3825 1132 3911; x_wconf 74' lang='lat' dir='ltr'>preediotsnr</span> <span class='ocrx_word' id='word_1_136' title='bbox 1156 3823 1375 3901; x_wconf 79' lang='lat' dir='ltr'>deferendam,</span> <span class='ocrx_word' id='word_1_137' title='bbox 1398 3829 1433 3889; x_wconf 88' lang='lat' dir='ltr'>ot</span> <span class='ocrx_word' id='word_1_138' title='bbox 1455 3825 1542 3910; x_wconf 90' lang='lat' dir='ltr'>quod</span> <span class='ocrx_word' id='word_1_139' title='bbox 1555 3837 1703 3911; x_wconf 65' lang='lat' dir='ltr'>‹guntrard-</span> 
     </span>
     <span class='ocr_line' id='line_1_22' title="bbox 494 3901 1711 4015; baseline 0 -23"><span class='ocrx_word' id='word_1_140' title='bbox 494 3930 602 4015; x_wconf 80' lang='lat' dir='ltr'>ipsuui</span> <span class='ocrx_word' id='word_1_141' title='bbox 640 3929 683 3992; x_wconf 84' lang='lat' dir='ltr'>ud</span> <span class='ocrx_word' id='word_1_142' title='bbox 716 3952 775 3993; x_wconf 89' lang='lat' dir='ltr'>nos</span> <span class='ocrx_word' id='word_1_143' title='bbox 806 3951 864 4014; x_wconf 85' lang='lat' dir='ltr'>per</span> <span class='ocrx_word' id='word_1_144' title='bbox 898 3928 1033 3993; x_wconf 82' lang='lat' dir='ltr'>lotorem</span> <span class='ocrx_word' id='word_1_145' title='bbox 1072 3928 1286 4014; x_wconf 81' lang='lat' dir='ltr'>praesentiurn</span> <span class='ocrx_word' id='word_1_146' title='bbox 1325 3926 1542 4006; x_wconf 77' lang='lat' dir='ltr'>transmittat,</span> <span class='ocrx_word' id='word_1_147' title='bbox 1556 3901 1711 3967; x_wconf 68' lang='lat'>¹¹⁰⁸⁰¹¹⁸⁹⁶¹&#39;</span> 
     </span>
     <span class='ocr_line' id='line_1_23' title="bbox 495 4028 1543 4117; baseline 0.001 -22"><span class='ocrx_word' id='word_1_148' title='bbox 495 4031 556 4096; x_wconf 88' lang='lat' dir='ltr'>tibi</span> <span class='ocrx_word' id='word_1_149' title='bbox 580 4031 786 4117; x_wconf 63' lang='lat' dir='ltr'>pruteipiurus</span> <span class='ocrx_word' id='word_1_150' title='bbox 808 4031 895 4116; x_wconf 89' lang='lat' dir='ltr'>quod</span> <span class='ocrx_word' id='word_1_151' title='bbox 919 4031 1025 4116; x_wconf 86' lang='lat' dir='ltr'>ipsum</span> <span class='ocrx_word' id='word_1_152' title='bbox 1048 4030 1092 4094; x_wconf 86' lang='lat' dir='ltr'>nd</span> <span class='ocrx_word' id='word_1_153' title='bbox 1113 4029 1174 4096; x_wconf 88' lang='lat' dir='ltr'>hoo</span> <span class='ocrx_word' id='word_1_154' title='bbox 1193 4052 1325 4094; x_wconf 80' lang='lat' dir='ltr'>moveos</span> <span class='ocrx_word' id='word_1_155' title='bbox 1345 4034 1379 4093; x_wconf 90' lang='lat' dir='ltr'>et</span> <span class='ocrx_word' id='word_1_156' title='bbox 1400 4028 1543 4107; x_wconf 80' lang='lat' dir='ltr'>indueus,</span> 
     </span>
     <span class='ocr_line' id='line_1_24' title="bbox 494 4133 1337 4219; baseline -0.001 -22"><span class='ocrx_word' id='word_1_157' title='bbox 494 4134 579 4198; x_wconf 82' lang='lat' dir='ltr'>etsi</span> <span class='ocrx_word' id='word_1_158' title='bbox 603 4154 729 4198; x_wconf 84' lang='lat' dir='ltr'>neeesse</span> <span class='ocrx_word' id='word_1_159' title='bbox 751 4134 853 4198; x_wconf 85' lang='lat' dir='ltr'>fuerit</span> <span class='ocrx_word' id='word_1_160' title='bbox 875 4134 945 4198; x_wconf 84' lang='lat' dir='ltr'>sine</span> <span class='ocrx_word' id='word_1_161' title='bbox 968 4133 1129 4198; x_wconf 86' lang='lat' dir='ltr'>dilatione</span> <span class='ocrx_word' id='word_1_162' title='bbox 1152 4133 1337 4219; x_wconf 80' lang='lat' dir='ltr'>distringas.</span> 
     </span>
    </p>

    <p class='ocr_par' dir='ltr' id='par_1_9' title="bbox 538 4233 1542 4323">
     <span class='ocr_line' id='line_1_25' title="bbox 538 4233 1542 4323; baseline 0.001 -24"><span class='ocrx_word' id='word_1_163' title='bbox 538 4236 634 4299; x_wconf 77' lang='lat' dir='ltr'>Teste</span> <span class='ocrx_word' id='word_1_164' title='bbox 661 4236 806 4323; x_wconf 84' lang='lat' dir='ltr'>meipso</span> <span class='ocrx_word' id='word_1_165' title='bbox 837 4237 925 4321; x_wconf 83' lang='lat' dir='ltr'>opud</span> <span class='ocrx_word' id='word_1_166' title='bbox 958 4236 1099 4313; x_wconf 85' lang='lat' dir='ltr'>Roffsm,</span> <span class='ocrx_word' id='word_1_167' title='bbox 1123 4240 1243 4322; x_wconf 80' lang='lat' dir='ltr'>quarto</span> <span class='ocrx_word' id='word_1_168' title='bbox 1266 4235 1320 4300; x_wconf 87' lang='lat' dir='ltr'>die</span> <span class='ocrx_word' id='word_1_169' title='bbox 1337 4233 1432 4311; x_wconf 83' lang='lat' dir='ltr'>Julii,</span> <span class='ocrx_word' id='word_1_170' title='bbox 1455 4255 1542 4300; x_wconf 87' lang='lat' dir='ltr'>unuo</span> 
     </span>
    </p>
   </div>
   <div class='ocr_carea' id='block_1_8' title="bbox 495 4338 1112 4426">
    <p class='ocr_par' dir='ltr' id='par_1_10' title="bbox 495 4338 1112 4426">
     <span class='ocr_line' id='line_1_26' title="bbox 495 4338 1112 4426; baseline 0.003 -24"><span class='ocrx_word' id='word_1_171' title='bbox 495 4340 586 4425; x_wconf 85' lang='lat' dir='ltr'>regni</span> <span class='ocrx_word' id='word_1_172' title='bbox 609 4339 712 4403; x_wconf 87' lang='lat' dir='ltr'>nostri</span> <span class='ocrx_word' id='word_1_173' title='bbox 737 4338 986 4426; x_wconf 67' lang='lat' dir='ltr'>quadragesimo</span> <span class='ocrx_word' id='word_1_174' title='bbox 1009 4343 1112 4404; x_wconf 80' lang='lat' dir='ltr'>sexto.</span> 
     </span>
    </p>
   </div>
   <div class='ocr_carea' id='block_1_9' title="bbox 0 0 2180 6438">
    <p class='ocr_par' dir='ltr' id='par_1_11' title="bbox 0 0 2180 6438">
     <span class='ocr_line' id='line_1_27' title="bbox 0 0 2180 6438; baseline 0 0"><span class='ocrx_word' id='word_1_175' title='bbox 0 0 2180 6438; x_wconf 95' lang='lat' dir='ltr'> </span> 
     </span>
    </p>
   </div>
  </div>
 </body>
</html>
