4350 6442
597 1223 847 1274 rmusrmrrvu
870 1226 913 1273 or
937 1225 1007 1275 rur
1030 1226 1138 1275 rursu
1161 1226 1205 1276 er
1229 1228 1350 1277 urum
1374 1229 1427 1279 111.
1476 1216 1537 1279 281

491 1396 721 1477 desideremus,
752 1405 787 1465 et
820 1401 965 1466 Erardus
996 1402 1036 1465 dc
1071 1401 1235 1468 Valericiu
1269 1402 1363 1469 nobis
1386 1408 1485 1470 notus
1507 1410 1542 1471 et

490 1499 628 1585 prrufute
642 1502 710 1566 filio
733 1508 847 1567 nestro
870 1502 1042 1567 familiaris
1056 1510 1093 1569 et
1107 1503 1246 1570 dilectus
1261 1506 1394 1586 existet,
1408 1513 1542 1593 propter

491 1603 580 1687 quod
602 1603 760 1669 vellemus
781 1604 845 1669 sibi
868 1627 936 1691 prre
969 1605 1044 1669 aliis
1076 1628 1150 1692 quac
1182 1609 1267 1673 circa
1297 1630 1357 1674 nos
1378 1614 1541 1694 geruntur

490 1704 684 1771 familiarius
699 1706 872 1792 explicare,
888 1707 1118 1774 celsitudinem
1133 1716 1277 1775 vestram
1301 1714 1429 1777 attente
1445 1712 1541 1777 duxi-

491 1829 563 1871 mus
584 1808 821 1893 requirendam,
845 1814 1008 1893 quatenus
1038 1811 1176 1897 praefetc
1212 1812 1337 1877 Erardo
1359 1813 1543 1900 specialiter

489 1907 661 1997 injungere
684 1910 739 1976 vel
762 1910 959 1976 demandare
981 1911 1091 1978 velitis
1113 1918 1153 1978 ut
1175 1914 1220 1993 ud
1240 1935 1301 1978 nos
1323 1914 1385 1979 sub
1406 1914 1543 1981 festiuu-

490 2011 581 2076 tione
603 2034 670 2098 qua
691 2012 763 2078 fieri
786 2013 910 2100 poterit
932 2014 1074 2094 accedat,
1091 2019 1216 2080 statum
1232 2021 1381 2081 nostrum
1404 2021 1439 2082 et
1461 2040 1542 2105 prae·

491 2112 571 2178 dicti
592 2113 654 2178 filii
675 2115 791 2195 nestri,
814 2136 941 2181 necnon
971 2121 1006 2181 et
1027 2117 1120 2203 regui
1150 2117 1256 2182 nostri
1278 2117 1484 2200 visitaturus,
1507 2126 1542 2186 et

490 2214 584 2280 vobis
607 2217 695 2302 quod
718 2218 753 2281 iu
776 2217 837 2283 hae
858 2224 951 2305 parte
973 2218 1140 2284 invenerit
1166 2218 1349 2306 expressius
1371 2222 1540 2287 relaturus.

491 2316 625 2381 Statum
649 2325 683 2383 et
706 2318 947 2405 beneplacitmu
971 2326 1117 2385 vestrum
1141 2320 1236 2385 nobis
1258 2321 1457 2407 significetis

536 2420 631 2485 Teste
663 2443 739 2507 rege
773 2421 863 2509 apud
895 2420 1234 2501 westmonasterium,
1265 2429 1383 2509 quarto
1416 2425 1539 2492 decimo

491 2522 544 2588 (lie
567 2523 692 2589 Martii.

536 2626 660 2691 Eodem
693 2628 791 2692 modo
823 2627 978 2692 scribitur
1009 2627 1132 2714 regine
1168 2627 1325 2708 Francius,
1349 2630 1437 2716 quod
1470 2631 1540 2718 ipsa

491 2730 594 2794 instet
615 2752 694 2816 erga
715 2730 885 2795 dominum
909 2753 1015 2809 suum,
1037 2737 1107 2809 ete,
1131 2732 1239 2797 verbis
1270 2738 1382 2799 tamen
1414 2755 1541 2821 compe-

491 2837 600 2898 tenter
622 2831 852 2899 commutatis.¹

813 3064 827 3068 -
843 3062 908 3069 ——
922 3062 943 3069 .-
962 3060 1084 3069 ---—--
1102 3062 1111 3069 ι

910 3221 1140 3289 DOXXXIII.

515 3369 718 3449 elisorum,
743 3370 924 3436 Occurres
947 3387 991 3434 or
1014 3368 1201 3434 Fmrnsus
1224 3385 1297 3434 meu
1321 3369 1516 3445 Hmrmuur,

876 3488 920 3536 rc
944 3473 1073 3537 Hsuur
1097 3471 1158 3536 ΙΙΙ.

840 3607 936 3671 (Royal
948 3606 1054 3665 Iaetters,
1065 3606 1113 3656 No.
1129 3609 1197 3668 1³5.)

536 3718 816 3789 Excellentissimo
839 3719 973 3784 domine
995 3740 1054 3784 suo
1078 3717 1232 3797 Henrieo,
1255 3717 1317 3782 Dei
1340 3716 1449 3804 gratia
1470 3716 1539 3803 regi
1552 3722 1681 3787 Apulae,

491 3820 629 3907 Anglire,
649 3820 784 3887 domino
801 3821 942 3887 lbemiuc
965 3843 1002 3886 ec
1025 3820 1100 3885 duci
1123 3820 1326 3906 Aquitaniae,
1342 3819 1538 3907 Margareta,
1555 3795 1626 3841 ¹²⁰⁵·

493 3921 658 3987 Flaudrim
681 3928 715 3987 ct
739 3924 927 4008 Haynoniae
953 3923 1128 4003 comitisse,
1161 3922 1230 4008 ejus
1261 3922 1367 3987 fidelis
1398 3929 1434 3987 et
1465 3944 1540 3987 con·

491 4026 680 4114 sauguinea,
704 4025 854 4106 sulutem,
888 4031 923 4091 et
953 4046 1027 4090 cum
1055 4024 1145 4089 omni
1177 4025 1442 4113 promptitudine
1475 4047 1540 4091 ser-

491 4127 602 4191 viendi
625 4132 775 4213 paratam
797 4127 839 4191 ed
864 4127 966 4213 ipsius
989 4127 1194 4214 beneplacita
1216 4128 1431 4193 voluntatem.

537 4227 765 4293 Intelleximus
796 4230 883 4315 quod
915 4229 1018 4294 vestri
1048 4228 1227 4294 servientes
1249 4229 1338 4315 apud
1360 4228 1622 4295 demeum-Your

491 4333 567 4396 «lam
603 4331 772 4396 duodecim
806 4353 913 4397 saccos
944 4332 1029 4396 lame
1064 4353 1138 4416 quau
1176 4336 1254 4396 suut
1291 4331 1461 4397 chefridi
1498 4301 1701 4411 ‹leffi'sstfl‘

493 4434 670 4509 Dixmuda,
693 4434 863 4521 burgensis
895 4434 999 4499 nostri
1023 4434 1269 4510 Dixmudcnsis,
1293 4428 1706 4545 arrestaverunewewiff

492 4541 526 4601 et
548 4543 726 4602 arr-estates
749 4542 875 4612 tenent,
898 4558 957 4623 pro
980 4558 1018 4602 eo
1040 4536 1129 4623 qued
1152 4536 1286 4622 quidam
1309 4536 1412 4621 ipsius
1434 4510 1690 4627 Gom-liiii&

493 4639 568 4703 sridi
614 4639 724 4725 garcio
769 4639 991 4704 conductitius
1036 4638 1159 4704 ibidem
1205 4638 1369 4725 quoddam
1417 4638 1540 4703 sactum
1553 4628 1707 4742 ‘fflffistel

491 4742 613 4806 dicitur
651 4748 863 4828 perpetrasse.
927 4742 967 4804 ln
1005 4763 1072 4826 qua
1109 4748 1221 4805 temen
1260 4741 1336 4804 lana
1373 4761 1434 4805 uec
1470 4709 1703 4827 ipsedm.¹¹lll¹⁰

491 4844 600 4931 garcio
631 4866 691 4908 uec
721 4845 858 4931 quisque
888 4843 973 4908 elius
1004 4843 1067 4908 nisi
1100 4842 1168 4928 ipse
1192 4840 1389 4907 Gedefridus
1411 4847 1538 4929 purtem
1551 4842 1665 4945 ffiw'

802 5149 808 5177 ¹
826 5147 988 5211 counanimis]
1008 5147 1163 5209 computatis.
1176 5146 1230 5198 MS.
