4350 6442
579 1224 831 1277 ILLUSTRATIVE
853 1226 897 1274 OF
919 1226 989 1274 ΤΗΕ
1012 1227 1121 1276 REIGN
1144 1228 1188 1276 Oi·
1211 1227 1333 1277 nuum*
1355 1226 1406 1276 III.
1477 1213 1519 1282 17

460 1415 658 1481 promovere
690 1398 830 1480 curetis;
869 1398 1000 1485 proviso
1034 1399 1123 1485 quod
1155 1398 1322 1464 occasione
1354 1397 1520 1486 privilegii

459 1498 614 1585 Anglicis
635 1502 777 1567 concessi
806 1522 848 1565 ne
880 1500 924 1565 ad
946 1505 1057 1587 partes
1080 1501 1321 1566 transmarinas
1343 1522 1401 1566 seu
1423 1504 1520 1565 extra

459 1620 603 1687 regnum
640 1603 773 1689 Angliae
819 1602 995 1668 trahantur
1038 1603 1076 1667 in
1114 1623 1244 1668 causam
1282 1603 1367 1667 nihil
1404 1609 1520 1668 contra

459 1700 571 1787 ipsum
594 1704 748 1769 comitem
769 1704 902 1770 nomine
925 1709 1038 1770 nostro
1061 1704 1267 1791 impetretur,
1284 1704 1461 1791 quominus
1483 1706 1519 1769 in

457 1825 560 1869 causa
593 1828 667 1892 quae
701 1806 789 1872 inter
822 1807 967 1872 nobilem
998 1806 1109 1871 virum
1139 1808 1317 1894 P[etrum]‚
1352 1807 1519 1892 quondam

458 1907 615 1972 comitem
638 1908 831 1986 Britanniae,
855 1916 889 1974 et
912 1908 1116 1994 S[imonem]
1140 1909 1181 1972 de
1204 1908 1313 1974 Monti
1329 1908 1426 1974 Forti
1446 1931 1518 1974 ver-

458 2008 549 2074 titur
569 2009 607 2073 in
628 2010 778 2096 partibus
799 2010 1030 2076 transmarinis
1052 2031 1161 2076 coram
1188 2009 1303 2095 judice
1326 2032 1385 2076 suo
1407 2032 1517 2097 proce·

459 2108 569 2177 datur.
614 2111 687 2176 Nos
723 2112 813 2177 enim
850 2134 909 2199 pro
947 2133 985 2177 eo
1023 2112 1111 2198 quod
1148 2132 1245 2177 causa
1283 2112 1341 2177 illa
1378 2114 1517 2199 praefato

459 2211 577 2277 comiti
612 2212 776 2279 Flandriae
810 2214 904 2280 velut
938 2234 1012 2278 eum
1043 2214 1136 2299 cujus
1168 2235 1220 2278 res
1251 2214 1362 2300 agitur
1395 2216 1516 2301 tangit,

457 2314 566 2402 magis
588 2315 739 2403 eligimus
762 2316 870 2401 quoad
893 2337 1022 2380 causam
1055 2315 1147 2380 illam
1187 2315 1360 2402 privilegio
1394 2338 1515 2382 renun-

459 2417 548 2482 ciare
580 2418 747 2503 praedicto,
770 2440 845 2483 cum
867 2417 1109 2505 protestatione
1132 2423 1246 2483 tamen
1268 2416 1356 2502 quod
1379 2418 1423 2483 ad
1446 2418 1516 2504 ejus

459 2518 724 2585 observationem
746 2519 782 2584 in
805 2519 878 2584 aliis
900 2520 1006 2585 causis
1021 2519 1190 2585 videbitur
1212 2520 1400 2598 necessaria,
1417 2541 1516 2607 quam

458 2621 574 2686 comiti
595 2621 733 2708 praefato
756 2621 792 2686 in
813 2622 917 2709 ipsius
938 2622 1097 2709 impedire
1118 2643 1277 2708 processu
1324 2620 1392 2686 Vos
1413 2622 1518 2708 igitur

458 2723 497 2786 in
519 2723 581 2788 hac
603 2744 701 2788 causa
721 2724 808 2788 nihil
830 2727 945 2789 contra
971 2724 1078 2810 ipsum
1111 2724 1303 2810 impetratio,
1326 2747 1386 2789 nec
1412 2745 1516 2808 quan-

459 2829 535 2890 tum
556 2847 616 2912 per
637 2847 697 2891 vos
718 2825 792 2891 fieri
814 2826 939 2913 poterit
960 2825 1132 2912 impetrari
1154 2825 1364 2912 permittatis.
1409 2825 1516 2890 Nolu-

458 2928 645 2992 musenim
679 2926 708 2992 si
739 2950 836 3014 super
866 2928 927 2993 hoc
959 2934 1074 2993 nostro
1106 2927 1239 2993 nomine
1262 2927 1390 3013 aliquid
1412 2927 1516 2993 fuerit

460 3028 676 3115 impetmtum
710 3029 798 3114 quod
836 3026 901 3095 eo¹
941 3030 984 3095 ad
1006 3029 1279 3116 impedimentum
1302 3051 1370 3094 sure
1408 3051 1514 3094 causae

458 3130 581 3217 aliquis
603 3135 726 3196 utatur.
772 3131 869 3197 Teste
890 3130 979 3217 apud
1003 3131 1197 3209 Olarendon,
1220 3135 1338 3197 octavo
1372 3130 1425 3195 die
1449 3130 1515 3194 De·

459 3232 605 3297 cembris.

859 3634 1120 3702 CCCCXXVII.

551 3766 710 3848 Scunius,
734 3770 840 3835 Dunr
864 3786 908 3834 or
928 3769 1098 3848 Nonum,
1123 3784 1166 3833 ro
1190 3766 1321 3832 Heras
1346 3764 1412 3831 III.

809 3904 905 3970 (noyn
915 3904 1022 3968 raam,
1032 3904 1081 3955 ro.
1095 3905 1163 3967 ηπ.)

506 4019 733 4086 Illustrissimo
764 4019 837 4086 viro
860 4020 1013 4099 Henrico,
1047 4019 1112 4085 Dei
1145 4017 1255 4106 gratia
1277 4017 1348 4103 regi
1370 4015 1611 4102 Angliae‚1237.

458 4120 628 4208 S[culius],
650 4123 764 4188 eadem
793 4123 903 4210 gratia
925 4123 995 4188 dux
1026 4122 1131 4189 totius
1154 4120 1349 4207 Norwegiae,
1372 4118 1512 4184 salutem
1527 4100 1612 4147 ¹²⁴⁰·²

457 4229 492 4290 et
515 4224 700 4291 dilectionis
722 4225 952 4291 sinceritatem.

709 4408 932 4416 --—--—-.-.--
948 4410 959 4415 -
971 4408 1163 4416 -1-—-—

491 4520 553 4587 1σο]
567 4520 602 4572 So
613 4521 671 4573 Ms.
1007 4532 1034 4574 to
1053 4524 1096 4574 the
1113 4531 1162 4585 act,
1181 4523 1247 4573 have
1266 4521 1308 4571 led
1327 4535 1368 4571 me
1389 4524 1416 4569 to
1438 4518 1511 4583 place

489 4600 501 4630 ²
518 4599 565 4651 See
577 4599 645 4666 Saga
656 4600 779 4652 Hlkoner
786 4601 920 4668 ilonaugia
930 4602 957 4652 ln
1007 4603 1076 4653 these
1084 4603 1169 4653 letters
1175 4601 1242 4652 here.
1255 4601 1297 4652 On
1305 4600 1348 4650 the
1356 4597 1511 4655 othei-hand,

458 4677 559 4743 Noregs
569 4678 699 4744 Konunga
719 4680 810 4746 sigor,
822 4698 846 4733 v.
858 4698 882 4746 p.
897 4687 957 4742 1953
1007 4682 1074 4731 their
1085 4687 1200 4732 contente
1211 4680 1307 4740 favour,
1319 4678 1426 4728 without
1442 4692 1511 4727 com-

456 4757 511 4806 also
545 4756 691 4823 langebek,
724 4760 826 4825 Scriptt
863 4761 958 4811 Rerum
1006 4761 1110 4826 pelling,
1132 4776 1166 4811 an
1183 4759 1275 4810 earlier
1296 4760 1369 4818 date3
1394 4757 1444 4806 and
1467 4756 1510 4806 the

456 4834 549 4885 Dnnic.
577 4835 614 4888 iii.
637 4854 662 4902 p.
686 4844 727 4890 93.
770 4839 827 4890 The
854 4855 958 4905 express
985 4802 1063 4899 ititle
1082 4841 1113 4890 ol
1127 4841 1201 4901 duke,
1213 4838 1282 4889 osten
1302 4837 1399 4902 loosely
1410 4834 1510 4898 applied

458 4923 605 4967 statement·
625 4918 657 4967 ol
675 4918 762 4969 native
783 4919 881 4970 writers
903 4920 959 4969 that
1008 4928 1035 4969 to
1054 4919 1203 4984 soreignere,
1222 4918 1246 4966 is
1264 4916 1376 4979 actually
1387 4915 1464 4979 given
1484 4921 1510 4963 to

457 4995 502 5046 the
523 4994 580 5046 title
601 4996 633 5045 of
651 4998 719 5048 (lule
742 5013 794 5048 was
826 4999 959 5049 conferred
1010 4998 1111 5049 Sculius
1123 5013 1157 5047 on
1168 4998 1213 5047 the
1224 4996 1299 5047 Cloee
1309 4994 1369 5045 Roll
1381 4992 1412 5042 os
1421 4997 1432 5040 1
1442 4992 1510 5042 Hen.

456 5089 491 5123 on
510 5074 613 5125 Sculius
632 5076 660 5125 in
683 5080 745 5129 1237
766 5092 795 5127 or
816 5083 890 5139 1238,
909 5079 960 5128 and
1009 5077 1060 5129 111.
1072 5077 1160 5142 (Rym.
1172 5076 1190 5125 i.
1202 5091 1226 5140 p.
1241 5077 1311 5137 149).
1345 5071 1446 5124 Sculiue
1459 5084 1511 5122 was

457 5153 512 5204 rhet
524 5161 595 5219 great
605 5154 771 5220 significance
782 5171 833 5208 was
844 5156 960 5208 ammireo
1009 5155 1088 5207 killed
1100 5156 1127 5204 in
1143 5161 1213 5205 1240.

547 5250 622 5299 VOL.
646 5252 680 5301 IL
1357 5250 1378 5295 ll
