4350 6442
626 1284 872 1334 ruuusrmrrvn
893 1284 936 1332 or
958 1284 1028 1333 rua
1051 1283 1159 1333 aaron
1181 1284 1226 1331 or
1249 1283 1371 1332 nnana
1393 1284 1442 1330 m.
1489 1268 1554 1334 323

511 1456 634 1520 tionem
656 1455 747 1521 illam
770 1455 846 1522 inde
868 1457 1061 1523 inveneritis
1094 1455 1188 1520 nobis
1219 1455 1280 1520 sub
1313 1453 1421 1541 sigillo
1442 1459 1556 1519 nostro

508 1559 659 1623 scaccarii
694 1558 844 1646 praedioti
876 1558 1078 1647 signifiostis,
1108 1565 1148 1625 ut
1181 1558 1269 1645 quod
1298 1557 1428 1644 justum
1456 1557 1557 1622 fuerit

507 1659 578 1724 fieri
614 1659 771 1726 faoiamus
807 1661 843 1726 in
880 1660 940 1727 heo
975 1667 1091 1750 parte3
1135 1667 1170 1728 et
1213 1661 1274 1726 hoo
1317 1660 1417 1726 breve
1461 1659 1558 1724 nobis

509 1764 695 1830 remittatis.

551 1866 648 1932 Teste
681 1889 734 1932 me
763 1867 835 1954 ipso
871 1867 961 1954 opud
995 1865 1332 1942 westmonasterium,
1366 1864 1468 1930 tertio
1501 1864 1555 1928 die

507 1969 641 2057 Aprilis,
663 1992 750 2036 anno
772 1971 864 2058 regni
886 1970 991 2036 nostri
1013 1968 1283 2057 quinquagesimo
1305 1965 1455 2035 secundo.

553 2071 730 2140 Iedmeed.
776 2072 947 2139 lohannes
962 2071 1073 2137 Luvel

939 2468 1120 2545 Duum

563 2625 640 2691 Tria
663 2626 821 2695 Consors
843 2644 887 2693 or
909 2626 1096 2695 Tomousn
1117 2643 1161 2692 io
1182 2626 1315 2694 Pauor
1337 2626 1499 2695 Eoum

840 2779 937 2845 (Roysl
945 2779 1052 2842 uera,
1063 2778 1113 2831 No.
1128 2782 1223 2844 l,065.)

556 2913 782 2980 Illustrissimo
815 2914 889 2980 viro
920 2920 955 2980 et
988 2936 1152 3002 generoso,
1176 2936 1274 3000 quem
1303 2914 1460 2980 nobilitas
1481 2936 1555 2979 san·
1568 2912 1685 3031 «gam,

509 3016 619 3101 guinis
641 3021 676 3082 et
697 3016 897 3104 refiilgentia
918 3016 1094 3103 probitatis
1116 3023 1216 3102 atque
1238 3038 1366 3080 morum
1381 3016 1557 3103 insignitas
1635 3018 1642 3032 '

509 3117 627 3183 reddat
649 3119 737 3184 inter
759 3123 882 3184 eeteros
907 3117 1084 3196 clariorem,
1111 3118 1244 3183 domino
1275 3117 1468 3198 Eedwardo,
1491 3119 1558 3205 pri-

510 3221 678 3305 mogenito
711 3219 909 3286 serenissimi
942 3219 1068 3285 domini
1105 3219 1192 3306 regis
1229 3218 1370 3306 Anglise,
1408 3220 1557 3285 eonsules

510 3321 657 3386 civitatis
690 3327 725 3387 et
761 3321 911 3389 suburbii
944 3320 1094 3388 l'holosae
1131 3344 1166 3386 se
1203 3322 1299 3407 ipsos,
1338 3343 1413 3386 oum
1450 3322 1557 3387 salute

510 3429 612 3509 atque
633 3424 766 3490 honoris
788 3424 1017 3513 prosperitatis
1039 3429 1074 3489 et
1095 3424 1208 3511 glorias
1230 3424 1440 3490 incremento.

555 3525 683 3592 Dilecto
717 3527 851 3592 eonoive
881 3529 994 3591 nostro
1020 3525 1146 3592 Thomu
1171 3526 1213 3592 de
1235 3526 1352 3592 Mauso
1374 3533 1556 3594 mercatore
1568 3531 1618 3582 We
1628 3547 1691 3599 ΡΜ

510 3629 734 3694 intelleximus
778 3629 940 3694 referente
984 3629 1071 3715 quod
1110 3629 1244 3715 quidam
1289 3629 1413 3695 milites
1458 3635 1556 3696 terrae
1568 3600 1715 3716 mog

509 3739 631 3797 vestrae
665 3754 703 3796 ao
737 3731 838 3797 etiam
867 3730 993 3797 inimici
1015 3732 1129 3809 vestri,
1150 3732 1274 3798 seilioet
1296 3732 1449 3799 dominus
1470 3732 1556 3800 Auri
1568 3733 1718 3794 mmm»

510 3833 698 3921 Destinges,
722 3834 870 3920 Aluyran
904 3833 944 3899 de
967 3832 1143 3913 Monteins,
1165 3833 1284 3900 Nieola
1312 3834 1353 3900 de
1383 3799 1706 3930 Saygravass}⁰lh‘¹5⁹‘¹

509 3943 544 4003 et
566 3937 698 4002 domina
720 3942 828 4003 mater
849 3958 917 4017 sua,
939 3958 1068 4003 noonon
1096 3944 1131 4004 et
1152 3938 1305 4002 dominus
1326 3937 1494 4004 Johannes
1515 3937 1556 4003 <le
1568 3933 1657 3985 ¹⁸¹³&-

509 4040 542 4104 la
577 4039 670 4104 Hera
701 4045 735 4105 et
768 4039 919 4105 nonnulli
950 4040 1017 4116 alii,
1040 4061 1180 4126 quorum
1211 4041 1346 4106 nomina
1368 4062 1426 4128 per
1447 4042 1556 4127 inqui·

509 4143 663 4208 sitionem
695 4142 817 4207 saetam
847 4163 906 4231 per
928 4141 1152 4209 vioeoomitem
1176 4142 1217 4208 de
1239 4142 1361 4209 Norois
1382 4143 1555 4220 habentur,

509 4245 566 4330 qui
597 4251 693 4310 erant
725 4245 761 4309 in
784 4244 898 4310 Insula
928 4250 1044 4311 eontra
1075 4245 1247 4313 dominum
1277 4267 1386 4332 regem
1423 4244 1556 4332 Angliae

509 4353 636 4433 patrem
674 4352 821 4412 vestrum
857 4352 893 4413 et
924 4368 985 4413 vos
1014 4349 1115 4414 etiam
1148 4354 1248 4433 atque
1285 4353 1420 4429 vestros,
1449 4347 1556 4414 eidem

509 4450 636 4514 concivi
670 4455 783 4514 nostro
814 4449 1025 4515 abstulerunt
1058 4451 1233 4534 sexaginta
1266 4456 1391 4537 septem
1416 4449 1556 4516 tonellos

510 4552 622 4638 plenos
645 4551 732 4628 vino,
756 4557 790 4617 et
817 4551 982 4637 quandem
1003 4553 1115 4641 pipam
1137 4557 1172 4617 et
1194 4558 1260 4617 tres
1281 4553 1421 4619 tonellos
1443 4553 1557 4640 plenos

509 4655 673 4719 frumento
704 4654 792 4740 apud
819 4659 952 4740 portum
985 4655 1026 4721 de
1049 4655 1206 4731 anam,
1228 4656 1269 4719 de
1302 4657 1444 4741 quadam
1475 4656 1555 4721 navi

509 4780 583 4842 quie
605 4764 675 4821 erat
690 4757 732 4821 de
754 4755 966 4834 Guiusalare¹
991 4779 1090 4843 quam
1115 4757 1256 4824 duoebat
1278 4758 1432 4845 Herveye
1455 4757 1555 4823 Pani·

509 4860 600 4925 fodro
637 4859 739 4945 ipsius
770 4860 865 4924 navis
896 4859 1046 4925 dominus
1076 4866 1112 4926 et
1145 4859 1309 4946 magister,
1347 4861 1404 4948 qui
1438 4860 1555 4928 tonelli

830 5161 1269 5231 ¹Geiua1an1D0uoen1inMS.

1069 5268 1078 5283 ·
1331 5257 1423 5317 Η
