4350 6442
606 1234 855 1285 nnusrmrrvn
878 1235 922 1284 or
944 1234 1014 1283 ran
1037 1234 1144 1285 amos
1167 1236 1211 1284 or
1234 1236 1355 1286 unsar
1379 1236 1427 1285 111.
1476 1224 1540 1288 223

494 1410 683 1475 nullatenus
716 1408 802 1474 velle
840 1409 997 1474 accedere.
1052 1408 1089 1473 Si
1127 1431 1206 1475 vero
1244 1410 1416 1495 contingat
1454 1408 1542 1493 quod

488 1513 666 1598 justiciarii
689 1512 832 1577 debeant
854 1511 1018 1589 itinerare,
1040 1517 1075 1575 et
1110 1512 1216 1576 modis
1250 1513 1403 1577 omnibus
1434 1510 1545 1575 velitis

492 1621 531 1680 ut
554 1615 707 1680 itinerem
730 1614 859 1687 alicubi,
883 1615 912 1679 si
936 1614 1042 1700 placet
1065 1614 1267 1701 provideatis
1282 1615 1370 1701 quod
1393 1614 1546 1679 itinerem

492 1718 528 1781 iu
574 1716 787 1782 comitatibus
833 1715 1056 1803 cantebrigia
1099 1723 1136 1782 et
1184 1716 1421 1790 Huntedoniae,
1469 1738 1543 1781 eum

492 1820 719 1885 benedictione
749 1824 880 1885 etcum
903 1819 1056 1905 expensis
1078 1819 1207 1885 domini
1230 1818 1323 1907 regis.
1380 1818 1433 1883 Ibi
1456 1818 1545 1883 enim

493 1921 534 1987 de
557 1944 629 1987 meo
662 1928 777 2009 potero
809 1921 931 1987 habere
965 1926 1266 1987 sustentamentum
1300 1943 1358 2007 per
1390 1941 1547 2009 magnum

493 2030 631 2111 tempus,
655 2028 772 2110 utpote
795 2024 836 2089 de
862 2045 955 2111 pane,
985 2024 1132 2102 cervisie,
1147 2046 1253 2102 cerne,
1275 2024 1360 2101 feno,
1382 2024 1491 2101 busca,
1513 2029 1548 2090 et

492 2148 609 2209 avena,
640 2131 675 2192 et
708 2128 781 2191 aliis
813 2127 951 2191 minutis
984 2127 1183 2192 necessariis.
1229 2126 1265 2193 Si
1288 2132 1399 2192 autem
1421 2127 1548 2213 aliquid

493 2251 617 2294 novum
640 2230 808 2294 emerserit
840 2234 915 2315 post
949 2251 1109 2297 recessum
1143 2250 1253 2294 meum
1286 2230 1327 2294 de
1349 2229 1460 2315 aliqua
1481 2228 1547 2293 dis-

492 2333 601 2396 cordia
628 2354 701 2419 quae
727 2332 772 2397 sit
794 2332 948 2412 emunda,
973 2354 1025 2397 me
1046 2337 1194 2397 vestrum
1217 2332 1357 2418 penitus,
1381 2331 1409 2395 si
1432 2331 1547 2417 placet,
1569 2352 1577 2367 ·

492 2436 729 2521 praemuniatis,
770 2440 804 2500 et
849 2434 1023 2500 eonsilium
1060 2440 1210 2500 vestrum
1247 2434 1330 2498 mihi
1366 2433 1547 2499 literatorie

491 2538 682 2625 significetis
720 2538 747 2601 si
786 2537 923 2602 debeam
961 2537 1004 2603 ad
1042 2539 1168 2602 curiam
1206 2537 1311 2602 redire
1349 2541 1384 2602 et
1420 2535 1545 2601 ibidem

491 2663 624 2717 morare,
647 2640 700 2705 vel
722 2640 873 2705 accedere
907 2640 950 2704 ad
983 2640 1129 2726 patriam
1163 2662 1270 2706 meam
1302 2648 1336 2705 et
1367 2640 1403 2703 in
1437 2643 1545 2704 cestro

491 2742 703 2830 Skmdeburg
735 2748 795 2807 aut
822 2742 1064 2830 Knarresburg,
1097 2742 1152 2808 vel
1184 2742 1227 2807 ad
1261 2741 1405 2829 aliquem
1439 2740 1547 2807 reddi-

491 2851 587 2911 tuum
617 2867 764 2911 meorum
795 2850 968 2934 expectare
998 2852 1149 2933 tempora
1182 2845 1325 2912 meliora
1371 2845 1547 2931 Promptus

491 2949 579 3014 enim
602 2972 675 3014 sum
698 2957 732 3015 et
754 2954 890 3036 paratus
913 2950 949 3013 in
971 2949 1124 3015 omnibus
1143 2954 1177 3047 et
1198 2971 1256 3035 per
1277 2948 1387 3014 omnia
1402 2952 1547 3013 vestram

491 3050 595 3117 faeere
630 3052 846 3117 voluntatem.
892 3050 956 3116 Pro
989 3050 1060 3117 Deo
1092 3072 1157 3116 non
1189 3050 1354 3116 omittetis
1383 3049 1464 3137 quin
1495 3070 1547 3115 me

490 3159 637 3220 vestrum
668 3154 800 3242 penitus
830 3153 1017 3220 certificetis
1055 3158 1126 3219 tam
1165 3154 1206 3218 de
1244 3158 1335 3218 statu
1365 3156 1475 3218 vestro
1513 3156 1547 3217 et

489 3262 581 3323 statu
603 3256 703 3322 curiae
733 3279 832 3345 quam
863 3256 904 3322 de
935 3255 1071 3322 consilio
1101 3260 1211 3321 vestro
1241 3277 1338 3341 super
1368 3254 1542 3340 praedietis,

490 3359 609 3426 Valeat
640 3360 823 3426 dominatio
853 3364 965 3425 vestra
994 3379 1052 3447 per
1081 3362 1230 3446 tempora
1260 3356 1458 3446 longissima.
1505 3354 1540 3423 si

488 3462 636 3529 debeatis
669 3462 886 3551 perendinare
912 3460 1093 3528 Londoniae
1131 3466 1167 3527 et
1204 3482 1322 3548 guerra
1359 3464 1540 3538 moveatur,

489 3567 556 3631 tria
578 3563 667 3631 dolia
688 3565 759 3631 vini
781 3587 855 3652 quae
879 3564 983 3630 habeo
1015 3564 1051 3629 in
1085 3563 1230 3651 hospitio
1253 3584 1325 3629 mco
1347 3583 1448 3650 prope
1470 3562 1544 3627 hos-

490 3668 612 3755 pitium
644 3674 792 3733 vestrum
828 3667 871 3732 ad
905 3690 987 3756 opus
1018 3672 1166 3733 vestrum
1193 3666 1332 3755 capiatis
1355 3671 1390 3732 et
1413 3665 1543 3732 bibatis„

493 3771 620 3837 Iterum
644 3776 678 3837 et
701 3771 783 3837 bene
807 3775 841 3836 et
864 3770 922 3835 diu
944 3768 1060 3836 valete.

912 4117 1136 4185 DLXXXIV.

668 4247 766 4312 Joua·
794 4264 840 4311 na
866 4262 911 4312 na
936 4248 1050 4312 Lmen
1076 4264 1119 4312 oo
1144 4248 1274 4314 Hunni
1302 4248 1368 4315 III.

826 4378 921 4443 (Royal
933 4378 1040 4440 mam,
1051 4378 1101 4430 No.
1117 4382 1210 4443 1,004.)

540 4481 821 4548 Excellentissimo
858 4481 992 4548 domino
1028 4504 1088 4549 suo
1124 4482 1308 4570 H[cnrico],
1343 4483 1406 4550 Dei
1438 4486 1545 4572 gratia
1558 4502 1677 4565 Nonae,

495 4586 563 4672 regi
590 4584 731 4672 Anglize,
763 4584 895 4650 domino
928 4583 1121 4671 Hybernisu
1151 4591 1185 4650 et
1225 4586 1300 4651 duci
1331 4586 1546 4674 Aquitannire
1562 4572 1643 4621 Μ

495 4687 722 4764 illustrissimo,
753 4688 892 4752 devotus
925 4693 960 4753 et
999 4686 1106 4753 fidelis
1136 4709 1215 4753 suus
1245 4688 1414 4756 Johannes
1444 4691 1484 4756 de
1514 4691 1548 4758 la

495 4790 609 4854 Lenda
643 4792 792 4867 salutem,
816 4797 850 4855 et
880 4811 914 4854 se
940 4790 1048 4877 ipeum
1078 4789 1278 4878 subjec[tum
1309 4792 1356 4878 et]
1388 4793 1544 4860 humilem

493 4893 536 4958 ad
561 4893 657 4980 pedes
679 4893 778 4981 regiae
801 4891 991 4979 majestatis.

858 5114 865 5142 ¹
884 5113 932 5163 See
943 5112 1016 5163 letter
1027 5111 1180 5165 Dxcvlfl.
