4350 6442
439 1871 469 1919 l’.
482 1873 512 1919 sl(¹

440 1940 541 2001 lloynur
551 1940 595 1987 hou

438 2006 546 2054 invaded

439 2088 504 2135 your
515 2073 587 2121 terri-

440 2148 505 2203 lory.

606 1174 669 1237 226
768 1191 883 1239 norun
907 1192 978 1239 nun
1002 1192 1116 1239 ornsn
1144 1191 1348 1239 msronrosn
1373 1190 1528 1239 nm'rans

607 1368 752 1425 mentum
791 1384 884 1426 suum
925 1363 1065 1427 videntis
1104 1368 1137 1426 ot
1177 1362 1361 1447 inquiratis,
1400 1367 1435 1427 et
1470 1382 1577 1447 snper
1619 1360 1684 1425 hoe

606 1465 705 1528 luove
738 1471 772 1529 et
806 1466 948 1530 salutare
982 1464 1156 1530 consilium
1190 1464 1372 1552 opponatis,
1404 1486 1479 1529 oum
1505 1464 1594 1527 olias
1622 1486 1683 1527 vos

605 1575 639 1631 et
662 1590 742 1653 gens
765 1574 877 1633 vestro
899 1590 973 1653 qnae
996 1568 1104 1634 estin
1138 1568 1211 1632 istis
1241 1567 1391 1653 partibus
1414 1590 1576 1653 magnam
1601 1590 1682 1631 oon

607 1670 768 1735 fusionem
800 1678 835 1736 ot
866 1694 1021 1757 magnum
1057 1672 1215 1735 damnum
1248 1671 1381 1757 possitis
1403 1671 1586 1751 incurrero,
1613 1670 1682 1735 nisi

608 1796 705 1858 super
727 1773 904 1859 praemissis
921 1775 1019 1839 velox
1042 1780 1076 1838 et
1092 1779 1258 1838 moturum
1284 1773 1456 1839 consilium
1472 1782 1682 1859 apponatur.

656 1876 740 1941 Item
773 1877 855 1942 sciat
879 1881 989 1941 vestra
1016 1877 1107 1963 regis
1137 1876 1297 1941 celsitudo
1330 1876 1416 1961 qnod
1456 1876 1606 1941 Ponoius
1640 1876 1681 1941 de

609 1979 752 2063 Baynao,
776 1979 1010 2065 quiesthomo
1032 1980 1162 2044 comitis
1179 1979 1389 2058 Pictavensis‚
1405 1979 1534 2045 invasit
1550 1988 1680 2045 termut

609 2088 754 2147 vestram
787 2104 862 2146 oum
893 2082 993 2145 armis
1027 2082 1097 2147 sino
1128 2082 1217 2147 omni
1251 2103 1348 2146 causo
1382 2085 1416 2146 ot
1443 2080 1568 2147 oooidit
1603 2102 1679 2147 oum

608 2186 706 2248 armis
740 2185 903 2271 quendam
945 2185 1141 2271 burgensem
1173 2190 1319 2249 vestrum
1350 2191 1385 2249 et
1426 2190 1496 2249 tres
1528 2183 1681 2249 valettos

607 2293 733 2351 vestros
764 2288 822 2372 qui
860 2286 901 2351 de
935 2287 1063 2351 familia
1092 2292 1207 2352 nostra
1236 2291 1340 2365 erant,
1364 2286 1421 2372 qui
1453 2291 1571 2351 tamen
1611 2309 1676 2351 non

607 2389 816 2474 deliquerunt
847 2389 882 2453 in
915 2390 1026 2475 aliquo
1056 2396 1171 2455 contra
1194 2391 1301 2476 ipsum
1325 2411 1386 2454 neo
1408 2394 1525 2455 oontm
1557 2411 1677 2475 quern·

607 2513 705 2575 quom
728 2491 837 2557 alium.
885 2492 930 2557 Et
953 2492 1105 2577 poteritis
1120 2493 1211 2557 istud
1234 2492 1314 2556 scire
1339 2513 1412 2557 oum
1428 2491 1566 2557 domino
1584 2491 1676 2579 Ray-

607 2593 730 2658 mundo
765 2593 804 2658 de
828 2594 929 2659 Bonis
957 2594 1046 2659 Villo
1073 2595 1241 2680 praedicto.
1290 2595 1336 2659 Et
1357 2594 1467 2661 sciatis
1498 2616 1559 2681 pro
1584 2602 1677 2661 oerto

607 2694 694 2779 qnorl
725 2716 785 2779 ego
808 2700 886 2761 anto
909 2696 960 2761 vel
985 2701 1060 2782 post
1083 2719 1149 2762 non
1173 2697 1236 2762 feci
1258 2719 1409 2783 guerram
1432 2719 1492 2763 neo
1514 2696 1677 2783 injuriam

606 2796 752 2880 aliquam
776 2802 890 2862 contra
914 2799 1067 2863 Pontium
1103 2800 1144 2863 de
1180 2800 1315 2885 Baynao
1346 2800 1581 2887 supradictum
1629 2798 1677 2865 Et

607 2921 705 2985 snper
727 2899 905 2985 praemissis
931 2902 1085 2965 omnibus
1120 2903 1278 2967 rescribat
1316 2902 1396 2966 mihi
1423 2910 1536 2968 vestra
1568 2902 1676 2969 domi-

608 3002 701 3067 natio
745 3025 843 3088 quarn
889 3004 954 3069 oito
988 3005 1082 3067 vobis
1116 3005 1276 3090 placuerit
1312 3010 1430 3071 vestrae
1464 3004 1675 3092 beneplacita

609 3104 801 3171 voluntatis.

654 3208 774 3275 Sciatis
805 3209 905 3273 etiam
928 3210 1015 3295 quod
1039 3210 1117 3275 lieet
1140 3215 1212 3275 tota
1234 3210 1342 3296 patria
1364 3209 1543 3296 plurimum
1568 3210 1676 3277 admi·

608 3316 700 3377 retur
714 3311 802 3395 quod
825 3334 885 3398 ego
908 3317 1037 3377 tantam
1060 3312 1293 3379 contumeliam
1316 3312 1462 3378 sustineo
1485 3312 1674 3398 potientem

608 3420 719 3479 tamen
749 3415 840 3480 istud
871 3415 1017 3480 sustineo
1039 3420 1173 3501 propter
1203 3414 1454 3501 parliamentum
1478 3414 1673 3493 Condelosa,

609 3516 745 3582 nolens¹
770 3539 873 3601 nsque
888 3517 935 3582 ibi
962 3517 1089 3602 aliquid
1114 3522 1289 3595 attentare,
1312 3522 1352 3583 ut
1374 3517 1497 3583 fartum
1520 3522 1673 3583 vestrum

610 3640 707 3704 super
745 3618 962 3705 privilegiatis
1000 3641 1066 3685 non
1106 3620 1208 3705 possit
1244 3626 1380 3707 propter
1417 3620 1478 3685 hoo
1507 3618 1673 3707 impediri

611 3720 792 3786 Consorvot
815 3722 977 3787 Dominus
1007 3744 1178 3808 personam
1209 3728 1353 3788 vestram
1383 3722 1427 3787 ad
1456 3722 1615 3789 honorem
1639 3730 1675 3791 et

610 3824 845 3889 exaltationem
868 3825 961 3910 regni
984 3826 1115 3912 Angliro
1137 3849 1195 3912 per
1222 3831 1371 3912 tempora
1394 3826 1551 3912 longiora.

657 3926 782 3991 Datum
805 3928 893 4012 opud
918 3928 1075 3993 Castrum
1099 3929 1129 3991 N
1134 3951 1233 3994 ovum
1257 3951 1354 4016 super
1378 3928 1594 4009 Dordoniam,
1619 3928 1675 3997 dio

614 4030 776 4108 Meroun'i,
801 4029 916 4116 vigilio
940 4031 975 4095 B.
998 4030 1147 4097 Androm.

657 4131 832 4197 Imloruol.
880 4133 1167 4198 Excellentissimo
1226 4135 1359 4200 domino
1415 4134 1484 4221 regi
1540 4136 1676 4221 Anglim

612 4235 744 4301 illustri.

962 4612 967 4638 ¹
987 4609 1080 4675 raculfus]
1101 4611 1223 4660 lloubtl'ul
1236 4611 1261 4659 in
1274 4610 1329 4661 MS.
