4350 6442
600 1165 852 1220 mnusrasmvu
875 1168 918 1215 or
942 1145 1013 1216 rna
1036 1165 1145 1215 aaron
1169 1164 1214 1213 or
1237 1162 1359 1213 nnuar
1382 1161 1432 1211 111.
1460 1126 1541 1214 '2⁷1

923 1516 1091 1582 DCXXV.

550 1669 680 1734 Hasna
704 1669 766 1734 ΙΙΙ.
791 1685 833 1733 ro
856 1685 925 1732 rna
950 1668 1033 1732 Mau
1057 1684 1101 1732 or
1125 1668 1478 1733 Noarnunsmmnn.

706 1811 776 1874 (not.
790 1810 844 1860 Pet.
858 1815 890 1860 48
902 1810 967 1859 Heu.
982 1809 1040 1867 III..
1051 1809 1142 1858 memb.
1156 1815 1170 1857 6
1183 1808 1209 1858 in
1222 1810 1317 1871 dorso.)

536 1927 608 1992 Rex
642 1927 901 2013 archiepiscopis,
934 1930 1004 2002 etc,
1038 1931 1073 1989 et
1111 1924 1275 1992 universe
1313 1923 1545 1994 communitati
1558 1926 1630 1991 Aug.
1643 1931 1683 1986 2¹,

491 2031 667 2095 comitatus
692 2028 934 2107 Norhumbriae,
958 2027 1106 2094 salutern
1562 1998 1632 2046 Μ’

537 2132 621 2202 Cum
644 2155 703 2219 pro
727 2137 816 2198 certo
839 2131 934 2196 nobis
957 2130 1146 2196 constiterit
1169 2131 1256 2215 quod
1287 2130 1545 2217 alienigenarum
1558 2149 1707 2213 reperero

491 2259 613 2324 magna
650 2236 841 2314 multitudo,
881 2234 1015 2322 navigio
1053 2234 1282 2321 undecumque
1319 2233 1465 2312 collecto,
1503 2235 1546 2301 ad
1559 2216 1672 2334 ffi‘ion

491 2362 630 2429 regnum
669 2344 817 2404 nostrum
850 2338 885 2402 vi
909 2342 1037 2403 armata
1071 2337 1266 2402 intrandum
1296 2360 1330 2402 se
1361 2338 1546 2426 prae[paret,
1676 2322 1681 2333 ¹

492 2467 558 2511 non
582 2445 687 2509 solum
711 2443 754 2507 ad
778 2447 926 2506 nostram
950 2440 1008 2506 sed
1031 2441 1073 2504 ad
1101 2441 1263 2526 omnium]
1289 2446 1323 2505 et
1345 2441 1548 2528 singulorum

493 2548 586 2635 regni
609 2547 710 2634 ipsius
733 2545 955 2609 confusionem
980 2548 1014 2609 et
1037 2544 1325 2610 exheredationem
1347 2551 1550 2632 perpetuam,

493 2651 559 2717 nisi
581 2650 627 2714 eis
661 2650 694 2713 in
728 2671 829 2712 manu
862 2647 940 2711 forti
976 2647 1169 2713 duxerimus
1200 2648 1402 2714 obviandum
1415 2674 1423 2730 ;
1453 2649 1549 2715 vobis

493 2753 686 2821 mandamus
710 2753 744 2815 in
768 2751 833 2814 fide
867 2772 930 2835 qua
955 2751 1050 2815 nobis
1081 2752 1240 2816 tenemini
1273 2751 1413 2816 firmiter
1440 2752 1549 2837 injun-

493 2862 618 2944 gentes,
642 2860 805 2942 quatenus
820 2876 879 2918 vos
903 2853 1026 2918 rnilitcs
1049 2876 1161 2919 omnes
1182 2861 1216 2920 et
1242 2854 1361 2942 liber[e
1384 2857 1548 2943 tenentes]

494 2960 552 3047 qui
579 2960 621 3024 ad
653 2960 713 3024 hoc
743 2955 913 3022 sufficitis¹
940 2979 1014 3021 cum
1041 2957 1134 3043 equis
1164 2964 1198 3022 et
1224 2958 1323 3021 armis
1351 2958 1492 3023 viriliter
1516 2965 1550 3024 et

493 3067 647 3150 potenter
669 3083 728 3127 vos
750 3061 939 3148 praeparetis
962 3060 1004 3124 ad
1035 3059 1255 3125 defensionem
1279 3061 1455 3128 maritimus
1478 3084 1551 3149 par-

493 3167 580 3232 tium
603 3173 796 3242 vestrarum,
811 3167 910 3251 prout
925 3163 1104 3230 vicecomes
1126 3168 1238 3228 noster
1259 3164 1354 3230 vobis
1369 3164 1552 3251 injunxerit

495 3293 537 3336 ex
559 3274 654 3358 parte
678 3275 797 3334 nostra

540 3373 585 3439 Et
608 3379 655 3451 tu,
678 3373 864 3450 vicecomes,
881 3375 1048 3457 assumpto
1071 3374 1180 3437 tecum
1202 3371 1336 3436 custode
1356 3372 1445 3459 pacis
1466 3373 1550 3460 ejus-

486 3476 571 3554 ‚dem
605 3475 791 3552 comitatus,
815 3473 1071 3561 archiepiscopis,
1106 3473 1272 3560 episcopis,
1295 3474 1483 3556 baronibus,
1518 3481 1552 3543 et

498 3579 650 3646 omnibus
672 3578 746 3642 aliis
770 3578 827 3664 qui
850 3577 944 3642 nobis
967 3576 1140 3642 servitium
1164 3576 1286 3642 debent
1309 3577 1495 3658 denuncias,
1518 3584 1553 3643 et

497 3683 636 3748 firmiter
659 3681 812 3768 injungas
844 3702 886 3744 ex
919 3686 1012 3767 parte
1043 3684 1166 3756 nostra,
1198 3678 1234 3743 in
1256 3679 1320 3745 fide
1344 3687 1379 3745 et
1400 3680 1552 3770 homagio

498 3785 619 3873 quibus
642 3784 736 3850 nobis
762 3783 932 3861 tenemini,
947 3788 980 3849 et
998 3783 1083 3848 sicut
1105 3804 1140 3847 sa
1165 3782 1253 3870 ipsos
1279 3788 1383 3849 terras
1405 3789 1439 3849 et
1463 3790 1554 3852 tene-

499 3893 611 3955 mento
634 3910 694 3952 sua
716 3886 868 3973 diligunt,
894 3892 933 3952 ut
954 3936 1239 3953 ..........
1262 3908 1337 3951 cum
1359 3886 1495 3954 servitio
1518 3889 1553 3954 in

499 4013 565 4079 quo
587 3990 682 4058 nobis
706 3994 870 4068 tenentur,
894 3988 952 4054 scd
975 3988 1115 4076 quilibet
1137 3995 1263 4074 quanto
1279 3988 1415 4069 virilius,
1438 3997 1553 4079 poten-

499 4094 575 4174 tius,
599 4097 634 4159 et
656 4092 754 4158 citius
776 4092 900 4179 poterit
922 4113 996 4174 cum
1019 4091 1112 4177 equis
1143 4097 1178 4158 et
1200 4093 1300 4157 annis
1331 4099 1366 4160 et
1389 4093 1554 4180 peditibus

499 4196 620 4274 electis,
643 4217 724 4282 quos
747 4195 867 4260 habere
902 4194 1033 4283 poterit,
1057 4198 1112 4259 eat
1135 4194 1188 4260 vel
1221 4195 1337 4261 mittat
1363 4196 1406 4261 ad
1428 4195 1554 4263 mariti-

500 4322 589 4365 mam
611 4297 804 4387 praedictam
827 4298 870 4363 ad
901 4297 1120 4364 resistendum
1143 4296 1303 4364 efficacius
1325 4298 1401 4364 huic
1430 4349 1439 4365 .
1469 4351 1477 4368 .
1507 4351 1515 4366 .
1545 4347 1555 4370 .

499 4455 506 4469 .
535 4454 545 4473 .
575 4452 584 4472 .
614 4452 623 4471 .
654 4401 848 4470 imminenti
895 4400 966 4466 Nec
989 4401 1163 4488 quisquam
1186 4423 1245 4489 per
1266 4402 1423 4488 temporis
1445 4403 1555 4470 brevi·

499 4513 613 4583 tatem,
644 4505 731 4592 quod
763 4505 798 4570 in
830 4525 864 4568 se
895 4504 1091 4571 rationabile
1122 4505 1387 4572 summonitionis
1425 4512 1555 4596 tempus

500 4630 567 4674 non
613 4608 792 4686 contineat,
831 4630 864 4673 se
903 4613 1057 4690 excuset;
1096 4609 1174 4694 quia
1211 4610 1340 4675 instans
1378 4613 1555 4678 necessitas

501 4719 631 4799 ternpus
654 4735 719 4776 non
748 4711 874 4799 patitur
896 4711 1034 4777 ulterius
1061 4712 1236 4797 prorogari.
1284 4712 1361 4776 Non
1383 4715 1472 4779 enim
1503 4716 1553 4779 in·

502 4816 669 4880 tendimus
704 4820 761 4878 aut
786 4814 938 4880 volumus
969 4814 1029 4879 hoc
1062 4814 1274 4900 imposterum
1298 4816 1385 4881 trahi
1409 4818 1444 4881 in
1478 4839 1553 4884 con-

633 4970 670 4976 ...-
709 4968 772 4974 -.-γ
791 4969 796 4972 ⁴
843 4968 849 4973 >
879 4969 910 4974 ...
969 4970 974 4974 .
1050 4969 1076 4973 --
1099 4969 1162 4973 -—--
1191 4970 1196 4973 -
1216 4968 1269 4974 -e-
1289 4969 1493 4980 ——.-....—-

538 5047 543 5073 ¹
563 5043 688 5107 srejh'rilis]
719 5042 841 5092 sufficeres
861 5044 912 5105 (l).
932 5042 986 5092 MS.
1022 5042 1077 5092 The
1090 5043 1172 5091 letters
1190 5057 1231 5091 are
1243 5043 1323 5096 small.
1341 5045 1389 5094 and
1407 5045 1449 5094 the
1468 5048 1553 5098 differ·

502 5140 564 5174 enee
576 5126 686 5173 between
700 5123 708 5170 i
721 5123 770 5171 and
782 5138 795 5171 e
808 5122 892 5186 slight.
