<?xml version="1.0" encoding="UTF-8"?>
<!DOCTYPE html PUBLIC "-//W3C//DTD XHTML 1.0 Transitional//EN"
    "http://www.w3.org/TR/xhtml1/DTD/xhtml1-transitional.dtd">
<html xmlns="http://www.w3.org/1999/xhtml" xml:lang="en" lang="en">
 <head>
  <title>
</title>
<meta http-equiv="Content-Type" content="text/html;charset=utf-8" />
  <meta name='ocr-system' content='tesseract 3.04.00' />
  <meta name='ocr-capabilities' content='ocr_page ocr_carea ocr_par ocr_line ocrx_word'/>
</head>
<body>
  <div class='ocr_page' id='page_1' title='image "./royalandotherhi00henrgoog_0123.png"; bbox 0 0 4350 6442; ppageno 0'>
   <div class='ocr_carea' id='block_1_1' title="bbox 625 1209 1564 1272">
    <p class='ocr_par' dir='ltr' id='par_1_1' title="bbox 625 1209 1564 1272">
     <span class='ocr_line' id='line_1_1' title="bbox 625 1209 1564 1272; baseline 0 -1"><span class='ocrx_word' id='word_1_1' title='bbox 625 1217 874 1272; x_wconf 70' lang='lat' dir='ltr'><strong>neumatum</strong></span> <span class='ocrx_word' id='word_1_2' title='bbox 897 1218 942 1269; x_wconf 82' lang='lat' dir='ltr'><strong>or</strong></span> <span class='ocrx_word' id='word_1_3' title='bbox 963 1218 1034 1270; x_wconf 76' lang='lat' dir='ltr'><strong>uun</strong></span> <span class='ocrx_word' id='word_1_4' title='bbox 1057 1218 1168 1269; x_wconf 79' lang='lat' dir='ltr'><strong>amon</strong></span> <span class='ocrx_word' id='word_1_5' title='bbox 1190 1221 1235 1269; x_wconf 84' lang='lat' dir='ltr'><strong>or</strong></span> <span class='ocrx_word' id='word_1_6' title='bbox 1258 1219 1381 1272; x_wconf 74' lang='lat' dir='ltr'><strong>unsar</strong></span> <span class='ocrx_word' id='word_1_7' title='bbox 1403 1221 1452 1272; x_wconf 93' lang='lat'>111.</span> <span class='ocrx_word' id='word_1_8' title='bbox 1524 1209 1564 1271; x_wconf 83' lang='lat'><strong>51</strong></span> 
     </span>
    </p>
   </div>
   <div class='ocr_carea' id='block_1_2' title="bbox 490 1391 1567 1567">
    <p class='ocr_par' dir='ltr' id='par_1_2' title="bbox 490 1391 1567 1567">
     <span class='ocr_line' id='line_1_2' title="bbox 490 1391 1567 1482; baseline -0.005 -19"><span class='ocrx_word' id='word_1_9' title='bbox 490 1394 620 1482; x_wconf 71' lang='lat' dir='ltr'><strong>major</strong></span> <span class='ocrx_word' id='word_1_10' title='bbox 646 1391 704 1460; x_wconf 86' lang='lat' dir='ltr'><strong>et¹</strong></span> <span class='ocrx_word' id='word_1_11' title='bbox 734 1391 842 1480; x_wconf 82' lang='lat' dir='ltr'><strong>jurati</strong></span> <span class='ocrx_word' id='word_1_12' title='bbox 864 1391 1060 1459; x_wconf 70' lang='lat' dir='ltr'><strong>communiae</strong></span> <span class='ocrx_word' id='word_1_13' title='bbox 1075 1391 1252 1480; x_wconf 79' lang='lat' dir='ltr'>Aquensis,</span> <span class='ocrx_word' id='word_1_14' title='bbox 1270 1414 1367 1459; x_wconf 91' lang='lat' dir='ltr'><strong>omne</strong></span> <span class='ocrx_word' id='word_1_15' title='bbox 1391 1391 1567 1460; x_wconf 89' lang='lat' dir='ltr'><strong>servitium</strong></span> 
     </span>
     <span class='ocr_line' id='line_1_3' title="bbox 492 1495 1023 1567; baseline -0.004 0"><span class='ocrx_word' id='word_1_16' title='bbox 492 1504 534 1567; x_wconf 75' lang='lat' dir='ltr'><strong>ea</strong></span> <span class='ocrx_word' id='word_1_17' title='bbox 559 1495 787 1563; x_wconf 82' lang='lat' dir='ltr'><strong>reverentiam</strong></span> <span class='ocrx_word' id='word_1_18' title='bbox 809 1518 885 1563; x_wconf 89' lang='lat' dir='ltr'><strong>cum</strong></span> <span class='ocrx_word' id='word_1_19' title='bbox 908 1496 1023 1565; x_wconf 87' lang='lat' dir='ltr'><strong>salute.</strong></span> 
     </span>
    </p>
   </div>
   <div class='ocr_carea' id='block_1_3' title="bbox 545 1598 1700 1687">
    <p class='ocr_par' dir='ltr' id='par_1_3' title="bbox 545 1598 1700 1687">
     <span class='ocr_line' id='line_1_4' title="bbox 545 1598 1700 1687; baseline -0.003 -20"><span class='ocrx_word' id='word_1_20' title='bbox 545 1598 763 1667; x_wconf 85' lang='lat' dir='ltr'><strong>Sublimitati</strong></span> <span class='ocrx_word' id='word_1_21' title='bbox 783 1605 905 1666; x_wconf 82' lang='lat' dir='ltr'><strong>vestrae</strong></span> <span class='ocrx_word' id='word_1_22' title='bbox 929 1599 1068 1687; x_wconf 81' lang='lat' dir='ltr'><strong>dignum</strong></span> <span class='ocrx_word' id='word_1_23' title='bbox 1099 1599 1256 1664; x_wconf 89' lang='lat' dir='ltr'><strong>duximus</strong></span> <span class='ocrx_word' id='word_1_24' title='bbox 1285 1598 1443 1665; x_wconf 88' lang='lat' dir='ltr'><strong>intimare</strong></span> <span class='ocrx_word' id='word_1_25' title='bbox 1474 1598 1564 1685; x_wconf 88' lang='lat' dir='ltr'><strong>quod</strong></span> <span class='ocrx_word' id='word_1_26' title='bbox 1579 1611 1700 1680; x_wconf 75' lang='lat' dir='ltr'><strong>weprsy</strong></span> 
     </span>
    </p>
   </div>
   <div class='ocr_carea' id='block_1_4' title="bbox 493 1688 1708 1812">
    <p class='ocr_par' dir='ltr' id='par_1_4' title="bbox 493 1688 1708 1812">
     <span class='ocr_line' id='line_1_5' title="bbox 493 1688 1708 1812; baseline 0.001 -43"><span class='ocrx_word' id='word_1_27' title='bbox 493 1702 665 1770; x_wconf 85' lang='lat' dir='ltr'><strong>dominus</strong></span> <span class='ocrx_word' id='word_1_28' title='bbox 694 1700 804 1768; x_wconf 89' lang='lat' dir='ltr'><strong>Druco</strong></span> <span class='ocrx_word' id='word_1_29' title='bbox 835 1702 877 1767; x_wconf 90' lang='lat' dir='ltr'><strong>de</strong></span> <span class='ocrx_word' id='word_1_30' title='bbox 899 1700 1067 1780; x_wconf 82' lang='lat' dir='ltr'><strong>Valencia,</strong></span> <span class='ocrx_word' id='word_1_31' title='bbox 1091 1723 1166 1767; x_wconf 89' lang='lat' dir='ltr'><strong>cum</strong></span> <span class='ocrx_word' id='word_1_32' title='bbox 1195 1722 1239 1767; x_wconf 87' lang='lat' dir='ltr'><strong>ex</strong></span> <span class='ocrx_word' id='word_1_33' title='bbox 1268 1702 1426 1767; x_wconf 84' lang='lat' dir='ltr'><strong>mandato</strong></span> <span class='ocrx_word' id='word_1_34' title='bbox 1456 1705 1565 1768; x_wconf 87' lang='lat' dir='ltr'><strong>vestro</strong></span> <span class='ocrx_word' id='word_1_35' title='bbox 1578 1688 1708 1812; x_wconf 35' lang='lat' dir='ltr'><strong>ispiysptue</strong></span> 
     </span>
    </p>
   </div>
   <div class='ocr_carea' id='block_1_5' title="bbox 494 1806 1715 2001">
    <p class='ocr_par' dir='ltr' id='par_1_5' title="bbox 494 1806 1715 2001">
     <span class='ocr_line' id='line_1_6' title="bbox 494 1806 1670 1896; baseline -0.003 -19"><span class='ocrx_word' id='word_1_36' title='bbox 494 1807 680 1877; x_wconf 64' lang='lat' dir='ltr'><strong>senmlli</strong></span> <span class='ocrx_word' id='word_1_37' title='bbox 701 1806 806 1875; x_wconf 87' lang='lat' dir='ltr'><strong>officio</strong></span> <span class='ocrx_word' id='word_1_38' title='bbox 827 1806 982 1896; x_wconf 84' lang='lat' dir='ltr'><strong>fungitur</strong></span> <span class='ocrx_word' id='word_1_39' title='bbox 1009 1807 1046 1873; x_wconf 93' lang='lat' dir='ltr'><strong>in</strong></span> <span class='ocrx_word' id='word_1_40' title='bbox 1069 1807 1242 1887; x_wconf 79' lang='lat' dir='ltr'><strong>Vasconis,</strong></span> <span class='ocrx_word' id='word_1_41' title='bbox 1272 1809 1394 1875; x_wconf 86' lang='lat' dir='ltr'><strong>vestris</strong></span> <span class='ocrx_word' id='word_1_42' title='bbox 1424 1808 1565 1895; x_wconf 86' lang='lat' dir='ltr'><strong>negotiis</strong></span> <span class='ocrx_word' id='word_1_43' title='bbox 1577 1827 1670 1892; x_wconf 62' lang='lat' dir='ltr'><strong>money</strong></span> 
     </span>
     <span class='ocr_line' id='line_1_7' title="bbox 495 1878 1715 2001; baseline -0.001 -25"><span class='ocrx_word' id='word_1_44' title='bbox 495 1908 740 2001; x_wconf 82' lang='lat' dir='ltr'><strong>promovendis</strong></span> <span class='ocrx_word' id='word_1_45' title='bbox 760 1910 899 1998; x_wconf 84' lang='lat' dir='ltr'><strong>provide</strong></span> <span class='ocrx_word' id='word_1_46' title='bbox 921 1916 956 1976; x_wconf 87' lang='lat' dir='ltr'><strong>et</strong></span> <span class='ocrx_word' id='word_1_47' title='bbox 985 1909 1125 1977; x_wconf 86' lang='lat' dir='ltr'><strong>sollicite</strong></span> <span class='ocrx_word' id='word_1_48' title='bbox 1157 1915 1192 1977; x_wconf 90' lang='lat' dir='ltr'><strong>et</strong></span> <span class='ocrx_word' id='word_1_49' title='bbox 1224 1910 1368 1976; x_wconf 88' lang='lat' dir='ltr'><strong>fideliter</strong></span> <span class='ocrx_word' id='word_1_50' title='bbox 1389 1910 1566 1976; x_wconf 85' lang='lat' dir='ltr'><strong>videbatur</strong></span> <span class='ocrx_word' id='word_1_51' title='bbox 1577 1878 1715 1997; x_wconf 47' lang='lat' dir='ltr'><strong>milite</strong></span> 
     </span>
    </p>
   </div>
   <div class='ocr_carea' id='block_1_6' title="bbox 495 2010 1713 4868">
    <p class='ocr_par' dir='ltr' id='par_1_6' title="bbox 495 2010 1713 4868">
     <span class='ocr_line' id='line_1_8' title="bbox 495 2010 1680 2100; baseline -0.003 -20"><span class='ocrx_word' id='word_1_52' title='bbox 495 2011 691 2095; x_wconf 83' lang='lat' dir='ltr'><strong>intendere,</strong></span> <span class='ocrx_word' id='word_1_53' title='bbox 706 2010 759 2080; x_wconf 68' lang='lat' dir='ltr'><strong>et⁹</strong></span> <span class='ocrx_word' id='word_1_54' title='bbox 778 2013 958 2080; x_wconf 88' lang='lat' dir='ltr'><strong>eorundem</strong></span> <span class='ocrx_word' id='word_1_55' title='bbox 973 2013 1183 2100; x_wconf 80' lang='lat' dir='ltr'><strong>negotiorum</strong></span> <span class='ocrx_word' id='word_1_56' title='bbox 1205 2013 1403 2080; x_wconf 83' lang='lat' dir='ltr'><strong>necessitate</strong></span> <span class='ocrx_word' id='word_1_57' title='bbox 1425 2017 1565 2100; x_wconf 82' lang='lat' dir='ltr'><strong>urgente</strong></span> <span class='ocrx_word' id='word_1_58' title='bbox 1577 2017 1604 2060; x_wconf 68' lang='lat' dir='ltr'><strong>t0</strong></span> <span class='ocrx_word' id='word_1_59' title='bbox 1614 2028 1680 2078; x_wconf 76' lang='lat' dir='ltr'><strong>your</strong></span> 
     </span>
     <span class='ocr_line' id='line_1_9' title="bbox 496 2080 1713 2203; baseline 0.002 -23"><span class='ocrx_word' id='word_1_60' title='bbox 496 2113 638 2203; x_wconf 67' lang='lat' dir='ltr'><strong>mepit</strong></span> <span class='ocrx_word' id='word_1_61' title='bbox 658 2120 776 2183; x_wconf 89' lang='lat' dir='ltr'><strong>mutuo</strong></span> <span class='ocrx_word' id='word_1_62' title='bbox 798 2137 820 2182; x_wconf 85' lang='lat' dir='ltr'><strong>a</strong></span> <span class='ocrx_word' id='word_1_63' title='bbox 841 2115 962 2182; x_wconf 85' lang='lat' dir='ltr'><strong>dilecto</strong></span> <span class='ocrx_word' id='word_1_64' title='bbox 984 2116 1118 2185; x_wconf 76' lang='lat' dir='ltr'><strong>concive</strong></span> <span class='ocrx_word' id='word_1_65' title='bbox 1139 2121 1253 2183; x_wconf 85' lang='lat' dir='ltr'><strong>nostro</strong></span> <span class='ocrx_word' id='word_1_66' title='bbox 1276 2121 1310 2183; x_wconf 85' lang='lat' dir='ltr'><strong>et</strong></span> <span class='ocrx_word' id='word_1_67' title='bbox 1339 2116 1431 2182; x_wconf 90' lang='lat' dir='ltr'><strong>fideli</strong></span> <span class='ocrx_word' id='word_1_68' title='bbox 1452 2119 1564 2182; x_wconf 86' lang='lat' dir='ltr'><strong>vestro</strong></span> <span class='ocrx_word' id='word_1_69' title='bbox 1576 2080 1713 2131; x_wconf 54' lang='lat' dir='ltr'><strong>mm</strong></span> 
     </span>
     <span class='ocr_line' id='line_1_10' title="bbox 500 2217 1565 2305; baseline 0 -21"><span class='ocrx_word' id='word_1_70' title='bbox 500 2217 619 2284; x_wconf 78' lang='lat' dir='ltr'><strong>vitali</strong></span> <span class='ocrx_word' id='word_1_71' title='bbox 639 2217 682 2284; x_wconf 85' lang='lat' dir='ltr'><strong>de</strong></span> <span class='ocrx_word' id='word_1_72' title='bbox 703 2218 795 2284; x_wconf 80' lang='lat' dir='ltr'><strong>Navi</strong></span> <span class='ocrx_word' id='word_1_73' title='bbox 816 2239 897 2284; x_wconf 81' lang='lat' dir='ltr'>xxx.</span> <span class='ocrx_word' id='word_1_74' title='bbox 920 2218 1022 2285; x_wconf 85' lang='lat' dir='ltr'><strong>libras</strong></span> <span class='ocrx_word' id='word_1_75' title='bbox 1045 2224 1080 2284; x_wconf 87' lang='lat' dir='ltr'><strong>et</strong></span> <span class='ocrx_word' id='word_1_76' title='bbox 1102 2218 1182 2305; x_wconf 85' lang='lat' dir='ltr'><strong>xvij.</strong></span> <span class='ocrx_word' id='word_1_77' title='bbox 1206 2219 1329 2285; x_wconf 90' lang='lat' dir='ltr'><strong>solidos</strong></span> <span class='ocrx_word' id='word_1_78' title='bbox 1350 2225 1385 2285; x_wconf 89' lang='lat' dir='ltr'><strong>et</strong></span> <span class='ocrx_word' id='word_1_79' title='bbox 1404 2218 1450 2304; x_wconf 91' lang='lat' dir='ltr'><strong>iij.</strong></span> <span class='ocrx_word' id='word_1_80' title='bbox 1467 2218 1565 2284; x_wconf 89' lang='lat' dir='ltr'><strong>dena·</strong></span> 
     </span>
     <span class='ocr_line' id='line_1_11' title="bbox 499 2323 1563 2412; baseline 0.001 -23"><span class='ocrx_word' id='word_1_81' title='bbox 499 2323 578 2391; x_wconf 88' lang='lat' dir='ltr'><strong>rios</strong></span> <span class='ocrx_word' id='word_1_82' title='bbox 599 2323 831 2404; x_wconf 74' lang='lat' dir='ltr'><strong>morlanunos,</strong></span> <span class='ocrx_word' id='word_1_83' title='bbox 852 2329 888 2392; x_wconf 88' lang='lat' dir='ltr'><strong>et</strong></span> <span class='ocrx_word' id='word_1_84' title='bbox 910 2324 1052 2391; x_wconf 89' lang='lat' dir='ltr'><strong>eundem</strong></span> <span class='ocrx_word' id='word_1_85' title='bbox 1075 2326 1239 2412; x_wconf 82' lang='lat' dir='ltr'><strong>obligavit</strong></span> <span class='ocrx_word' id='word_1_86' title='bbox 1269 2327 1305 2390; x_wconf 91' lang='lat' dir='ltr'><strong>in</strong></span> <span class='ocrx_word' id='word_1_87' title='bbox 1336 2325 1563 2411; x_wconf 85' lang='lat' dir='ltr'><strong>fidejussorem</strong></span> 
     </span>
     <span class='ocr_line' id='line_1_12' title="bbox 504 2425 1563 2515; baseline 0 -23"><span class='ocrx_word' id='word_1_88' title='bbox 504 2432 545 2492; x_wconf 84' lang='lat' dir='ltr'><strong>et</strong></span> <span class='ocrx_word' id='word_1_89' title='bbox 583 2425 728 2514; x_wconf 79' lang='lat' dir='ltr'>plegium</span> <span class='ocrx_word' id='word_1_90' title='bbox 757 2449 837 2515; x_wconf 82' lang='lat' dir='ltr'><strong>erga</strong></span> <span class='ocrx_word' id='word_1_91' title='bbox 866 2426 1069 2493; x_wconf 88' lang='lat' dir='ltr'><strong>venerabiles</strong></span> <span class='ocrx_word' id='word_1_92' title='bbox 1100 2427 1249 2494; x_wconf 79' lang='lat' dir='ltr'><strong>concives</strong></span> <span class='ocrx_word' id='word_1_93' title='bbox 1278 2432 1418 2506; x_wconf 91' lang='lat' dir='ltr'><strong>nostros,</strong></span> <span class='ocrx_word' id='word_1_94' title='bbox 1451 2428 1490 2492; x_wconf 91' lang='lat' dir='ltr'><strong>B.</strong></span> <span class='ocrx_word' id='word_1_95' title='bbox 1523 2429 1563 2493; x_wconf 87' lang='lat' dir='ltr'><strong>de</strong></span> 
     </span>
     <span class='ocr_line' id='line_1_13' title="bbox 506 2526 1564 2617; baseline -0.002 -22"><span class='ocrx_word' id='word_1_96' title='bbox 506 2528 620 2595; x_wconf 91' lang='lat' dir='ltr'><strong>Domo</strong></span> <span class='ocrx_word' id='word_1_97' title='bbox 641 2526 740 2595; x_wconf 86' lang='lat' dir='ltr'><strong>Nova</strong></span> <span class='ocrx_word' id='word_1_98' title='bbox 770 2529 871 2616; x_wconf 89' lang='lat' dir='ltr'><strong>prol</strong></span> <span class='ocrx_word' id='word_1_99' title='bbox 894 2528 988 2595; x_wconf 87' lang='lat' dir='ltr'><strong>libris</strong></span> <span class='ocrx_word' id='word_1_100' title='bbox 1011 2529 1238 2607; x_wconf 86' lang='lat' dir='ltr'><strong>morlandinis,</strong></span> <span class='ocrx_word' id='word_1_101' title='bbox 1261 2551 1338 2617; x_wconf 87' lang='lat' dir='ltr'><strong>erga</strong></span> <span class='ocrx_word' id='word_1_102' title='bbox 1359 2529 1564 2595; x_wconf 84' lang='lat' dir='ltr'><strong>Adomarum</strong></span> 
     </span>
     <span class='ocr_line' id='line_1_14' title="bbox 506 2629 1564 2718; baseline -0.001 -22"><span class='ocrx_word' id='word_1_103' title='bbox 506 2630 554 2696; x_wconf 84' lang='lat' dir='ltr'><strong>de</strong></span> <span class='ocrx_word' id='word_1_104' title='bbox 576 2629 642 2718; x_wconf 86' lang='lat' dir='ltr'><strong>Big</strong></span> <span class='ocrx_word' id='word_1_105' title='bbox 662 2651 722 2718; x_wconf 90' lang='lat' dir='ltr'><strong>pro</strong></span> <span class='ocrx_word' id='word_1_106' title='bbox 743 2630 826 2716; x_wconf 87' lang='lat' dir='ltr'><strong>lxiij.</strong></span> <span class='ocrx_word' id='word_1_107' title='bbox 857 2630 954 2696; x_wconf 89' lang='lat' dir='ltr'><strong>libris</strong></span> <span class='ocrx_word' id='word_1_108' title='bbox 988 2637 1022 2697; x_wconf 88' lang='lat' dir='ltr'><strong>et</strong></span> <span class='ocrx_word' id='word_1_109' title='bbox 1044 2653 1076 2696; x_wconf 88' lang='lat' dir='ltr'><strong>x.</strong></span> <span class='ocrx_word' id='word_1_110' title='bbox 1100 2632 1215 2696; x_wconf 89' lang='lat' dir='ltr'><strong>solidis</strong></span> <span class='ocrx_word' id='word_1_111' title='bbox 1237 2632 1463 2708; x_wconf 90' lang='lat' dir='ltr'><strong>morlandinis,</strong></span> <span class='ocrx_word' id='word_1_112' title='bbox 1487 2654 1564 2718; x_wconf 76' lang='lat' dir='ltr'><strong>erga</strong></span> 
     </span>
     <span class='ocr_line' id='line_1_15' title="bbox 508 2731 1564 2820; baseline 0 -23"><span class='ocrx_word' id='word_1_113' title='bbox 508 2732 548 2797; x_wconf 92' lang='lat' dir='ltr'><strong>P.</strong></span> <span class='ocrx_word' id='word_1_114' title='bbox 571 2731 611 2797; x_wconf 71' lang='lat' dir='ltr'>A</span> <span class='ocrx_word' id='word_1_115' title='bbox 634 2733 699 2798; x_wconf 90' lang='lat' dir='ltr'><strong>deu</strong></span> <span class='ocrx_word' id='word_1_116' title='bbox 722 2731 855 2798; x_wconf 85' lang='lat' dir='ltr'><strong>Manius</strong></span> <span class='ocrx_word' id='word_1_117' title='bbox 877 2754 936 2819; x_wconf 89' lang='lat' dir='ltr'><strong>pro</strong></span> <span class='ocrx_word' id='word_1_118' title='bbox 959 2755 1014 2798; x_wconf 90' lang='lat' dir='ltr'><strong>xv.</strong></span> <span class='ocrx_word' id='word_1_119' title='bbox 1038 2732 1141 2813; x_wconf 89' lang='lat' dir='ltr'><strong>libris,</strong></span> <span class='ocrx_word' id='word_1_120' title='bbox 1166 2755 1245 2820; x_wconf 83' lang='lat' dir='ltr'><strong>erga</strong></span> <span class='ocrx_word' id='word_1_121' title='bbox 1267 2733 1309 2799; x_wconf 88' lang='grc' dir='ltr'><strong>Κ.</strong></span> <span class='ocrx_word' id='word_1_122' title='bbox 1335 2735 1399 2799; x_wconf 88' lang='lat' dir='ltr'><strong>deu</strong></span> <span class='ocrx_word' id='word_1_123' title='bbox 1422 2734 1564 2799; x_wconf 76' lang='lat' dir='ltr'><strong>Francos</strong></span> 
     </span>
     <span class='ocr_line' id='line_1_16' title="bbox 507 2833 1564 2921; baseline -0.001 -22"><span class='ocrx_word' id='word_1_124' title='bbox 507 2855 572 2921; x_wconf 84' lang='lat' dir='ltr'><strong>pro</strong></span> <span class='ocrx_word' id='word_1_125' title='bbox 594 2855 649 2900; x_wconf 86' lang='lat' dir='ltr'><strong>xv.</strong></span> <span class='ocrx_word' id='word_1_126' title='bbox 671 2834 765 2900; x_wconf 81' lang='lat' dir='ltr'><strong>libris</strong></span> <span class='ocrx_word' id='word_1_127' title='bbox 787 2833 1028 2915; x_wconf 81' lang='lat' dir='ltr'><strong>moriendinis3</strong></span> <span class='ocrx_word' id='word_1_128' title='bbox 1059 2839 1094 2900; x_wconf 90' lang='lat' dir='ltr'><strong>et</strong></span> <span class='ocrx_word' id='word_1_129' title='bbox 1117 2838 1167 2899; x_wconf 85' lang='lat' dir='ltr'><strong>est</strong></span> <span class='ocrx_word' id='word_1_130' title='bbox 1190 2841 1262 2900; x_wconf 87' lang='lat' dir='ltr'><strong>tota</strong></span> <span class='ocrx_word' id='word_1_131' title='bbox 1284 2858 1412 2900; x_wconf 87' lang='lat' dir='ltr'><strong>summa</strong></span> <span class='ocrx_word' id='word_1_132' title='bbox 1427 2836 1564 2920; x_wconf 85' lang='lat' dir='ltr'><strong>clxxiiij.</strong></span> 
     </span>
     <span class='ocr_line' id='line_1_17' title="bbox 507 2935 1565 3022; baseline 0 -22"><span class='ocrx_word' id='word_1_133' title='bbox 507 2935 613 3000; x_wconf 77' lang='lat' dir='ltr'><strong>libras</strong></span> <span class='ocrx_word' id='word_1_134' title='bbox 636 2939 671 3000; x_wconf 86' lang='lat' dir='ltr'><strong>ct</strong></span> <span class='ocrx_word' id='word_1_135' title='bbox 692 2936 750 3021; x_wconf 80' lang='lat' dir='ltr'><strong>vij.</strong></span> <span class='ocrx_word' id='word_1_136' title='bbox 773 2935 893 3002; x_wconf 89' lang='lat' dir='ltr'><strong>solidos</strong></span> <span class='ocrx_word' id='word_1_137' title='bbox 909 2942 944 3002; x_wconf 88' lang='lat' dir='ltr'><strong>et</strong></span> <span class='ocrx_word' id='word_1_138' title='bbox 958 2936 1004 3021; x_wconf 91' lang='lat' dir='ltr'><strong>iij.</strong></span> <span class='ocrx_word' id='word_1_139' title='bbox 1020 2936 1172 3001; x_wconf 81' lang='lat' dir='ltr'><strong>denarios</strong></span> <span class='ocrx_word' id='word_1_140' title='bbox 1195 2938 1565 3022; x_wconf 83' lang='lat' dir='ltr'><strong>morlandinos,absq11e</strong></span> 
     </span>
     <span class='ocr_line' id='line_1_18' title="bbox 510 3036 1566 3124; baseline -0.001 -23"><span class='ocrx_word' id='word_1_141' title='bbox 510 3036 711 3122; x_wconf 86' lang='lat' dir='ltr'><strong>quibusdam</strong></span> <span class='ocrx_word' id='word_1_142' title='bbox 734 3037 807 3102; x_wconf 82' lang='lat' dir='ltr'><strong>aliis</strong></span> <span class='ocrx_word' id='word_1_143' title='bbox 831 3037 951 3103; x_wconf 88' lang='lat' dir='ltr'><strong>debitis</strong></span> <span class='ocrx_word' id='word_1_144' title='bbox 982 3059 1056 3123; x_wconf 88' lang='lat' dir='ltr'><strong>quae</strong></span> <span class='ocrx_word' id='word_1_145' title='bbox 1080 3043 1204 3124; x_wconf 84' lang='lat' dir='ltr'><strong>postea,</strong></span> <span class='ocrx_word' id='word_1_146' title='bbox 1237 3045 1277 3104; x_wconf 92' lang='lat' dir='ltr'><strong>ut</strong></span> <span class='ocrx_word' id='word_1_147' title='bbox 1310 3040 1419 3104; x_wconf 90' lang='lat' dir='ltr'><strong>dictus</strong></span> <span class='ocrx_word' id='word_1_148' title='bbox 1442 3039 1566 3104; x_wconf 85' lang='lat' dir='ltr'><strong>Vitalis</strong></span> 
     </span>
     <span class='ocr_line' id='line_1_19' title="bbox 510 3139 1566 3227; baseline -0.001 -22"><span class='ocrx_word' id='word_1_149' title='bbox 510 3140 638 3216; x_wconf 85' lang='lat' dir='ltr'><strong>asserit,</strong></span> <span class='ocrx_word' id='word_1_150' title='bbox 653 3139 739 3205; x_wconf 88' lang='lat' dir='ltr'><strong>idem</strong></span> <span class='ocrx_word' id='word_1_151' title='bbox 754 3141 950 3206; x_wconf 82' lang='lat' dir='ltr'><strong>senescallus</strong></span> <span class='ocrx_word' id='word_1_152' title='bbox 966 3141 1135 3207; x_wconf 75' lang='lat' dir='ltr'><strong>contraxit</strong></span> <span class='ocrx_word' id='word_1_153' title='bbox 1151 3142 1194 3206; x_wconf 88' lang='lat' dir='ltr'><strong>ab</strong></span> <span class='ocrx_word' id='word_1_154' title='bbox 1209 3163 1255 3207; x_wconf 87' lang='lat' dir='ltr'><strong>eo.</strong></span> <span class='ocrx_word' id='word_1_155' title='bbox 1302 3141 1348 3206; x_wconf 86' lang='lat' dir='ltr'><strong>Et</strong></span> <span class='ocrx_word' id='word_1_156' title='bbox 1363 3164 1421 3227; x_wconf 91' lang='lat' dir='ltr'><strong>pro</strong></span> <span class='ocrx_word' id='word_1_157' title='bbox 1437 3163 1566 3205; x_wconf 87' lang='lat' dir='ltr'><strong>summa</strong></span> 
     </span>
     <span class='ocr_line' id='line_1_20' title="bbox 512 3242 1566 3310; baseline -0.002 -2"><span class='ocrx_word' id='word_1_158' title='bbox 512 3242 581 3308; x_wconf 84' lang='lat' dir='ltr'><strong>ista</strong></span> <span class='ocrx_word' id='word_1_159' title='bbox 601 3243 741 3308; x_wconf 89' lang='lat' dir='ltr'><strong>eundem</strong></span> <span class='ocrx_word' id='word_1_160' title='bbox 765 3242 913 3308; x_wconf 86' lang='lat' dir='ltr'><strong>Vitelem</strong></span> <span class='ocrx_word' id='word_1_161' title='bbox 936 3243 1123 3308; x_wconf 88' lang='lat' dir='ltr'><strong>attornavit</strong></span> <span class='ocrx_word' id='word_1_162' title='bbox 1139 3243 1182 3307; x_wconf 86' lang='lat' dir='ltr'><strong>ad</strong></span> <span class='ocrx_word' id='word_1_163' title='bbox 1207 3295 1214 3309; x_wconf 93' lang='lat'><strong>.</strong></span> <span class='ocrx_word' id='word_1_164' title='bbox 1238 3293 1245 3310; x_wconf 88' lang='lat'><strong>.</strong></span> <span class='ocrx_word' id='word_1_165' title='bbox 1270 3294 1277 3310; x_wconf 87' lang='lat'><strong>.</strong></span> <span class='ocrx_word' id='word_1_166' title='bbox 1308 3242 1432 3307; x_wconf 88' lang='lat' dir='ltr'><strong>endum</strong></span> <span class='ocrx_word' id='word_1_167' title='bbox 1456 3248 1566 3307; x_wconf 68' lang='lat' dir='ltr'><strong>austras</strong></span> 
     </span>
     <span class='ocr_line' id='line_1_21' title="bbox 513 3344 1566 3432; baseline -0.003 -19"><span class='ocrx_word' id='word_1_168' title='bbox 513 3366 589 3432; x_wconf 87' lang='lat' dir='ltr'><strong>quae</strong></span> <span class='ocrx_word' id='word_1_169' title='bbox 609 3345 704 3411; x_wconf 83' lang='lat' dir='ltr'><strong>vobis</strong></span> <span class='ocrx_word' id='word_1_170' title='bbox 725 3345 900 3411; x_wconf 76' lang='lat' dir='ltr'><strong>annuatim</strong></span> <span class='ocrx_word' id='word_1_171' title='bbox 923 3346 1086 3410; x_wconf 89' lang='lat' dir='ltr'><strong>debentur</strong></span> <span class='ocrx_word' id='word_1_172' title='bbox 1108 3346 1146 3410; x_wconf 92' lang='lat' dir='ltr'><strong>in</strong></span> <span class='ocrx_word' id='word_1_173' title='bbox 1167 3345 1252 3410; x_wconf 83' lang='lat' dir='ltr'><strong>festo</strong></span> <span class='ocrx_word' id='word_1_174' title='bbox 1276 3344 1308 3411; x_wconf 81' lang='lat' dir='ltr'><strong>S.</strong></span> <span class='ocrx_word' id='word_1_175' title='bbox 1332 3344 1511 3422; x_wconf 81' lang='lat' dir='ltr'><strong>Michaelis,</strong></span> <span class='ocrx_word' id='word_1_176' title='bbox 1534 3345 1566 3410; x_wconf 86' lang='lat' dir='ltr'><strong>J.</strong></span> 
     </span>
     <span class='ocr_line' id='line_1_22' title="bbox 512 3444 1567 3534; baseline -0.001 -21"><span class='ocrx_word' id='word_1_177' title='bbox 512 3448 662 3534; x_wconf 82' lang='lat' dir='ltr'><strong>Mayent,</strong></span> <span class='ocrx_word' id='word_1_178' title='bbox 683 3446 716 3514; x_wconf 88' lang='lat' dir='ltr'><strong>J.</strong></span> <span class='ocrx_word' id='word_1_179' title='bbox 739 3447 907 3530; x_wconf 83' lang='lat' dir='ltr'><strong>Manedin,</strong></span> <span class='ocrx_word' id='word_1_180' title='bbox 932 3444 964 3513; x_wconf 88' lang='lat' dir='ltr'><strong>J.</strong></span> <span class='ocrx_word' id='word_1_181' title='bbox 989 3446 1117 3527; x_wconf 81' lang='lat' dir='ltr'><strong>Getasa,</strong></span> <span class='ocrx_word' id='word_1_182' title='bbox 1140 3446 1172 3514; x_wconf 88' lang='lat' dir='ltr'><strong>J.</strong></span> <span class='ocrx_word' id='word_1_183' title='bbox 1196 3447 1370 3533; x_wconf 84' lang='lat' dir='ltr'><strong>Senyanai‚</strong></span> <span class='ocrx_word' id='word_1_184' title='bbox 1393 3468 1474 3532; x_wconf 88' lang='lat' dir='ltr'><strong>quas</strong></span> <span class='ocrx_word' id='word_1_185' title='bbox 1496 3447 1567 3533; x_wconf 89' lang='lat' dir='ltr'><strong>ipse</strong></span> 
     </span>
     <span class='ocr_line' id='line_1_23' title="bbox 512 3549 1567 3635; baseline 0 -19"><span class='ocrx_word' id='word_1_186' title='bbox 512 3549 710 3616; x_wconf 85' lang='lat' dir='ltr'><strong>senescallus</strong></span> <span class='ocrx_word' id='word_1_187' title='bbox 731 3550 785 3615; x_wconf 85' lang='lat' dir='ltr'><strong>vel</strong></span> <span class='ocrx_word' id='word_1_188' title='bbox 809 3550 893 3614; x_wconf 85' lang='lat' dir='ltr'><strong>alius</strong></span> <span class='ocrx_word' id='word_1_189' title='bbox 924 3549 981 3635; x_wconf 90' lang='lat' dir='ltr'><strong>qui</strong></span> <span class='ocrx_word' id='word_1_190' title='bbox 1003 3572 1024 3614; x_wconf 87' lang='lat' dir='ltr'><strong>a</strong></span> <span class='ocrx_word' id='word_1_191' title='bbox 1046 3550 1142 3616; x_wconf 89' lang='lat' dir='ltr'><strong>vobis</strong></span> <span class='ocrx_word' id='word_1_192' title='bbox 1172 3550 1403 3616; x_wconf 85' lang='lat' dir='ltr'><strong>institueretur</strong></span> <span class='ocrx_word' id='word_1_193' title='bbox 1434 3551 1567 3616; x_wconf 88' lang='lat' dir='ltr'><strong>deberet</strong></span> 
     </span>
     <span class='ocr_line' id='line_1_24' title="bbox 512 3650 1567 3740; baseline 0.001 -23"><span class='ocrx_word' id='word_1_194' title='bbox 512 3652 552 3717; x_wconf 88' lang='lat' dir='ltr'><strong>in</strong></span> <span class='ocrx_word' id='word_1_195' title='bbox 571 3650 655 3717; x_wconf 79' lang='lat' dir='ltr'><strong>sesto</strong></span> <span class='ocrx_word' id='word_1_196' title='bbox 672 3651 705 3718; x_wconf 83' lang='lat' dir='ltr'><strong>S.</strong></span> <span class='ocrx_word' id='word_1_197' title='bbox 721 3651 895 3718; x_wconf 82' lang='lat' dir='ltr'><strong>Michaelis</strong></span> <span class='ocrx_word' id='word_1_198' title='bbox 912 3657 995 3718; x_wconf 86' lang='lat' dir='ltr'><strong>tunc</strong></span> <span class='ocrx_word' id='word_1_199' title='bbox 1008 3652 1150 3718; x_wconf 84' lang='lat' dir='ltr'><strong>instanti</strong></span> <span class='ocrx_word' id='word_1_200' title='bbox 1164 3653 1327 3740; x_wconf 83' lang='lat' dir='ltr'><strong>recipere3</strong></span> <span class='ocrx_word' id='word_1_201' title='bbox 1351 3653 1567 3718; x_wconf 86' lang='lat' dir='ltr'><strong>nihilominus</strong></span> 
     </span>
     <span class='ocr_line' id='line_1_25' title="bbox 512 3753 1567 3842; baseline 0.001 -22"><span class='ocrx_word' id='word_1_202' title='bbox 512 3754 622 3820; x_wconf 85' lang='lat' dir='ltr'><strong>eidem</strong></span> <span class='ocrx_word' id='word_1_203' title='bbox 643 3753 842 3842; x_wconf 89' lang='lat' dir='ltr'><strong>promittens</strong></span> <span class='ocrx_word' id='word_1_204' title='bbox 863 3754 1005 3820; x_wconf 79' lang='lat' dir='ltr'><strong>firmiter</strong></span> <span class='ocrx_word' id='word_1_205' title='bbox 1027 3755 1118 3840; x_wconf 93' lang='lat' dir='ltr'><strong>quod</strong></span> <span class='ocrx_word' id='word_1_206' title='bbox 1140 3756 1231 3820; x_wconf 89' lang='lat' dir='ltr'><strong>omni</strong></span> <span class='ocrx_word' id='word_1_207' title='bbox 1253 3778 1332 3822; x_wconf 88' lang='lat' dir='ltr'><strong>casu</strong></span> <span class='ocrx_word' id='word_1_208' title='bbox 1354 3756 1567 3842; x_wconf 79' lang='lat' dir='ltr'><strong>contingente</strong></span> 
     </span>
     <span class='ocr_line' id='line_1_26' title="bbox 511 3856 1567 3945; baseline 0.001 -23"><span class='ocrx_word' id='word_1_209' title='bbox 511 3857 624 3945; x_wconf 87' lang='lat' dir='ltr'><strong>ipsum</strong></span> <span class='ocrx_word' id='word_1_210' title='bbox 645 3856 724 3923; x_wconf 91' lang='lat' dir='ltr'><strong>inde</strong></span> <span class='ocrx_word' id='word_1_211' title='bbox 745 3862 892 3924; x_wconf 82' lang='lat' dir='ltr'><strong>servaret</strong></span> <span class='ocrx_word' id='word_1_212' title='bbox 918 3857 1128 3939; x_wconf 86' lang='lat' dir='ltr'><strong>indemnem3</strong></span> <span class='ocrx_word' id='word_1_213' title='bbox 1152 3863 1188 3923; x_wconf 88' lang='lat' dir='ltr'><strong>et</strong></span> <span class='ocrx_word' id='word_1_214' title='bbox 1209 3858 1253 3923; x_wconf 90' lang='lat' dir='ltr'><strong>ad</strong></span> <span class='ocrx_word' id='word_1_215' title='bbox 1280 3879 1377 3925; x_wconf 91' lang='lat' dir='ltr'><strong>omne</strong></span> <span class='ocrx_word' id='word_1_216' title='bbox 1410 3863 1567 3924; x_wconf 89' lang='lat' dir='ltr'><strong>tenentur</strong></span> 
     </span>
     <span class='ocr_line' id='line_1_27' title="bbox 513 3957 1567 4047; baseline -0.001 -23"><span class='ocrx_word' id='word_1_217' title='bbox 513 3959 679 4026; x_wconf 87' lang='lat' dir='ltr'><strong>interesse.</strong></span> <span class='ocrx_word' id='word_1_218' title='bbox 726 3957 812 4027; x_wconf 83' lang='lat' dir='ltr'><strong>(lum</strong></span> <span class='ocrx_word' id='word_1_219' title='bbox 834 3965 947 4027; x_wconf 83' lang='lat' dir='ltr'><strong>autem</strong></span> <span class='ocrx_word' id='word_1_220' title='bbox 968 3965 1047 4026; x_wconf 84' lang='lat' dir='ltr'><strong>ants</strong></span> <span class='ocrx_word' id='word_1_221' title='bbox 1069 3960 1265 4047; x_wconf 83' lang='lat' dir='ltr'><strong>praedictum</strong></span> <span class='ocrx_word' id='word_1_222' title='bbox 1291 3959 1413 4027; x_wconf 84' lang='lat' dir='ltr'><strong>festum</strong></span> <span class='ocrx_word' id='word_1_223' title='bbox 1443 3960 1567 4026; x_wconf 91' lang='lat' dir='ltr'><strong>nobilis</strong></span> 
     </span>
     <span class='ocr_line' id='line_1_28' title="bbox 513 4061 1568 4149; baseline -0.005 -20"><span class='ocrx_word' id='word_1_224' title='bbox 513 4062 569 4128; x_wconf 80' lang='lat' dir='ltr'><strong>vir</strong></span> <span class='ocrx_word' id='word_1_225' title='bbox 589 4062 742 4129; x_wconf 86' lang='lat' dir='ltr'><strong>dominus</strong></span> <span class='ocrx_word' id='word_1_226' title='bbox 759 4061 886 4149; x_wconf 85' lang='lat' dir='ltr'><strong>Symou</strong></span> <span class='ocrx_word' id='word_1_227' title='bbox 901 4084 1008 4130; x_wconf 90' lang='lat' dir='ltr'><strong>comes</strong></span> <span class='ocrx_word' id='word_1_228' title='bbox 1023 4063 1210 4129; x_wconf 88' lang='lat' dir='ltr'><strong>Lsieestriae</strong></span> <span class='ocrx_word' id='word_1_229' title='bbox 1225 4085 1269 4129; x_wconf 88' lang='lat' dir='ltr'><strong>ex</strong></span> <span class='ocrx_word' id='word_1_230' title='bbox 1283 4063 1442 4128; x_wconf 84' lang='lat' dir='ltr'><strong>mandato</strong></span> <span class='ocrx_word' id='word_1_231' title='bbox 1456 4067 1568 4126; x_wconf 87' lang='lat' dir='ltr'><strong>vestro</strong></span> 
     </span>
     <span class='ocr_line' id='line_1_29' title="bbox 513 4163 1569 4252; baseline -0.001 -22"><span class='ocrx_word' id='word_1_232' title='bbox 513 4168 628 4230; x_wconf 79' lang='lat' dir='ltr'><strong>vestra</strong></span> <span class='ocrx_word' id='word_1_233' title='bbox 640 4164 713 4230; x_wconf 78' lang='lat' dir='ltr'><strong>vice</strong></span> <span class='ocrx_word' id='word_1_234' title='bbox 735 4163 875 4252; x_wconf 82' lang='lat' dir='ltr'><strong>fungens</strong></span> <span class='ocrx_word' id='word_1_235' title='bbox 896 4165 934 4229; x_wconf 93' lang='lat' dir='ltr'><strong>in</strong></span> <span class='ocrx_word' id='word_1_236' title='bbox 949 4165 1145 4232; x_wconf 84' lang='lat' dir='ltr'><strong>Vasconiam</strong></span> <span class='ocrx_word' id='word_1_237' title='bbox 1159 4166 1315 4245; x_wconf 83' lang='lat' dir='ltr'><strong>venisset,</strong></span> <span class='ocrx_word' id='word_1_238' title='bbox 1339 4164 1470 4231; x_wconf 78' lang='lat' dir='ltr'><strong>custas³</strong></span> <span class='ocrx_word' id='word_1_239' title='bbox 1494 4185 1569 4248; x_wconf 84' lang='lat' dir='ltr'><strong>quae</strong></span> 
     </span>
     <span class='ocr_line' id='line_1_30' title="bbox 511 4265 1569 4354; baseline -0.004 -22"><span class='ocrx_word' id='word_1_240' title='bbox 511 4266 606 4333; x_wconf 85' lang='lat' dir='ltr'><strong>dicto</strong></span> <span class='ocrx_word' id='word_1_241' title='bbox 621 4266 726 4335; x_wconf 88' lang='lat' dir='ltr'><strong>Vitali</strong></span> <span class='ocrx_word' id='word_1_242' title='bbox 738 4289 760 4332; x_wconf 83' lang='lat' dir='ltr'><strong>a</strong></span> <span class='ocrx_word' id='word_1_243' title='bbox 781 4266 958 4354; x_wconf 86' lang='lat' dir='ltr'><strong>saepedicto</strong></span> <span class='ocrx_word' id='word_1_244' title='bbox 973 4267 1127 4334; x_wconf 89' lang='lat' dir='ltr'><strong>Drucone</strong></span> <span class='ocrx_word' id='word_1_245' title='bbox 1141 4268 1179 4333; x_wconf 93' lang='lat' dir='ltr'><strong>in</strong></span> <span class='ocrx_word' id='word_1_246' title='bbox 1194 4268 1394 4333; x_wconf 86' lang='lat' dir='ltr'><strong>solutionem</strong></span> <span class='ocrx_word' id='word_1_247' title='bbox 1408 4265 1569 4352; x_wconf 81' lang='lat' dir='ltr'><strong>assignati</strong></span> 
     </span>
     <span class='ocr_line' id='line_1_31' title="bbox 512 4367 1570 4457; baseline -0.005 -22"><span class='ocrx_word' id='word_1_248' title='bbox 512 4368 649 4436; x_wconf 76' lang='lat' dir='ltr'><strong>sumunt</strong></span> <span class='ocrx_word' id='word_1_249' title='bbox 680 4368 745 4435; x_wconf 89' lang='lat' dir='ltr'><strong>sibi</strong></span> <span class='ocrx_word' id='word_1_250' title='bbox 776 4369 909 4457; x_wconf 85' lang='lat' dir='ltr'><strong>recepit,</strong></span> <span class='ocrx_word' id='word_1_251' title='bbox 931 4374 967 4437; x_wconf 89' lang='lat' dir='ltr'><strong>et</strong></span> <span class='ocrx_word' id='word_1_252' title='bbox 998 4370 1124 4437; x_wconf 89' lang='lat' dir='ltr'><strong>dictum</strong></span> <span class='ocrx_word' id='word_1_253' title='bbox 1146 4369 1293 4436; x_wconf 86' lang='lat' dir='ltr'><strong>Vitalem</strong></span> <span class='ocrx_word' id='word_1_254' title='bbox 1323 4369 1401 4433; x_wconf 88' lang='lat' dir='ltr'><strong>inde</strong></span> <span class='ocrx_word' id='word_1_255' title='bbox 1435 4367 1570 4433; x_wconf 91' lang='lat' dir='ltr'><strong>omnino</strong></span> 
     </span>
     <span class='ocr_line' id='line_1_32' title="bbox 511 4469 1569 4557; baseline -0.003 -20"><span class='ocrx_word' id='word_1_256' title='bbox 511 4470 666 4538; x_wconf 79' lang='lat' dir='ltr'><strong>exclusit</strong></span> <span class='ocrx_word' id='word_1_257' title='bbox 727 4470 837 4552; x_wconf 75' lang='lat' dir='ltr'><strong>Quare</strong></span> <span class='ocrx_word' id='word_1_258' title='bbox 866 4493 936 4538; x_wconf 91' lang='lat' dir='ltr'><strong>non</strong></span> <span class='ocrx_word' id='word_1_259' title='bbox 966 4473 1107 4539; x_wconf 89' lang='lat' dir='ltr'><strong>dubium</strong></span> <span class='ocrx_word' id='word_1_260' title='bbox 1138 4477 1191 4538; x_wconf 88' lang='lat' dir='ltr'><strong>est</strong></span> <span class='ocrx_word' id='word_1_261' title='bbox 1222 4470 1305 4557; x_wconf 91' lang='lat' dir='ltr'><strong>quin</strong></span> <span class='ocrx_word' id='word_1_262' title='bbox 1335 4469 1424 4535; x_wconf 91' lang='lat' dir='ltr'><strong>idem</strong></span> <span class='ocrx_word' id='word_1_263' title='bbox 1448 4469 1569 4535; x_wconf 84' lang='lat' dir='ltr'><strong>Vitalis</strong></span> 
     </span>
     <span class='ocr_line' id='line_1_33' title="bbox 511 4570 1569 4661; baseline -0.001 -23"><span class='ocrx_word' id='word_1_264' title='bbox 511 4572 593 4640; x_wconf 86' lang='lat' dir='ltr'><strong>inde</strong></span> <span class='ocrx_word' id='word_1_265' title='bbox 614 4578 729 4661; x_wconf 83' lang='lat' dir='ltr'><strong>postea</strong></span> <span class='ocrx_word' id='word_1_266' title='bbox 758 4596 780 4641; x_wconf 85' lang='lat' dir='ltr'><strong>a</strong></span> <span class='ocrx_word' id='word_1_267' title='bbox 808 4574 1026 4641; x_wconf 88' lang='lat' dir='ltr'><strong>oreditoribus</strong></span> <span class='ocrx_word' id='word_1_268' title='bbox 1055 4575 1178 4640; x_wconf 82' lang='lat' dir='ltr'><strong>damna</strong></span> <span class='ocrx_word' id='word_1_269' title='bbox 1207 4577 1243 4639; x_wconf 88' lang='lat' dir='ltr'><strong>et</strong></span> <span class='ocrx_word' id='word_1_270' title='bbox 1273 4576 1427 4659; x_wconf 87' lang='lat' dir='ltr'><strong>sumptus</strong></span> <span class='ocrx_word' id='word_1_271' title='bbox 1455 4570 1569 4637; x_wconf 90' lang='lat' dir='ltr'><strong>multi-</strong></span> 
     </span>
     <span class='ocr_line' id='line_1_34' title="bbox 513 4674 1567 4764; baseline 0 -25"><span class='ocrx_word' id='word_1_272' title='bbox 513 4675 611 4740; x_wconf 90' lang='lat' dir='ltr'><strong>mode</strong></span> <span class='ocrx_word' id='word_1_273' title='bbox 633 4676 679 4741; x_wconf 87' lang='lat' dir='ltr'><strong>sit</strong></span> <span class='ocrx_word' id='word_1_274' title='bbox 700 4697 879 4764; x_wconf 76' lang='lat' dir='ltr'><strong>perpessus.</strong></span> <span class='ocrx_word' id='word_1_275' title='bbox 926 4676 1010 4742; x_wconf 90' lang='lat' dir='ltr'><strong>Inde</strong></span> <span class='ocrx_word' id='word_1_276' title='bbox 1033 4677 1196 4763; x_wconf 86' lang='lat' dir='ltr'><strong>estquod</strong></span> <span class='ocrx_word' id='word_1_277' title='bbox 1230 4680 1350 4741; x_wconf 85' lang='lat' dir='ltr'><strong>vestrae</strong></span> <span class='ocrx_word' id='word_1_278' title='bbox 1381 4674 1567 4740; x_wconf 80' lang='lat' dir='ltr'><strong>nobilitatis</strong></span> 
     </span>
     <span class='ocr_line' id='line_1_35' title="bbox 514 4778 1569 4868; baseline 0 -25"><span class='ocrx_word' id='word_1_279' title='bbox 514 4778 749 4844; x_wconf 81' lang='lat' dir='ltr'><strong>liberalitatem</strong></span> <span class='ocrx_word' id='word_1_280' title='bbox 771 4784 897 4867; x_wconf 83' lang='lat' dir='ltr'><strong>quanto</strong></span> <span class='ocrx_word' id='word_1_281' title='bbox 919 4802 1091 4868; x_wconf 87' lang='lat' dir='ltr'><strong>possumus</strong></span> <span class='ocrx_word' id='word_1_282' title='bbox 1123 4778 1334 4847; x_wconf 86' lang='lat' dir='ltr'><strong>effectuosius</strong></span> <span class='ocrx_word' id='word_1_283' title='bbox 1356 4778 1569 4866; x_wconf 88' lang='lat' dir='ltr'><strong>imploramus</strong></span> 
     </span>
    </p>
   </div>
   <div class='ocr_carea' id='block_1_7' title="bbox 552 5079 791 5147">
    <p class='ocr_par' dir='ltr' id='par_1_7' title="bbox 552 5079 791 5147">
     <span class='ocr_line' id='line_1_36' title="bbox 552 5079 791 5147; baseline 0.013 -17"><span class='ocrx_word' id='word_1_284' title='bbox 552 5079 614 5147; x_wconf 67' lang='lat' dir='ltr'><strong>sa]</strong></span> <span class='ocrx_word' id='word_1_285' title='bbox 633 5080 723 5132; x_wconf 67' lang='lat' dir='ltr'><strong>notin</strong></span> <span class='ocrx_word' id='word_1_286' title='bbox 733 5082 791 5133; x_wconf 78' lang='lat' dir='ltr'><strong>us.</strong></span> 
     </span>
    </p>
   </div>
   <div class='ocr_carea' id='block_1_8' title="bbox 0 0 2197 6436">
    <p class='ocr_par' dir='ltr' id='par_1_8' title="bbox 0 0 2197 6436">
     <span class='ocr_line' id='line_1_37' title="bbox 0 0 2197 6436; baseline 0 0"><span class='ocrx_word' id='word_1_287' title='bbox 0 0 2197 6436; x_wconf 95' lang='lat' dir='ltr'><strong> </strong></span> 
     </span>
    </p>
   </div>
  </div>
 </body>
</html>
