4350 6442
618 1155 873 1211 renascamur
894 1159 938 1209 or
961 1158 1032 1208 nnn
1054 1156 1163 1208 amos
1186 1156 1230 1206 es
1253 1157 1375 1207 sarar
1399 1157 1448 1207 111.
1518 1135 1560 1207 79

488 1334 569 1403 sibi
592 1339 630 1400 et
651 1333 726 1401 aliie
748 1332 959 1421 magnatibus
980 1338 1078 1401 terrae
1100 1333 1196 1400 factae
1211 1331 1347 1398 filerunt
1360 1333 1397 1397 in
1412 1332 1563 1419 partibus

491 1436 702 1517 Wasecniae,
727 1456 810 1522 quas
838 1436 929 1503 dixit
957 1457 992 1503 se
1015 1434 1112 1501 vobis
1136 1432 1355 1521 significasse,¹
1384 1439 1420 1500 et
1443 1439 1484 1500 ut
1510 1456 1564 1499 eas

495 1537 678 1607 emended
706 1536 855 1605 faceretis
889 1535 1085 1604 multociens
1122 1536 1304 1604 literatorie
1348 1557 1489 1622 rogasse,
1521 1536 1564 1600 ed

496 1641 731 1709 defensionem
761 1662 855 1707 suam
893 1662 1006 1707 omnes
1038 1640 1083 1706 ad
1114 1639 1176 1707 hee
1208 1661 1242 1706 se
1273 1638 1565 1719 concordaverrmt,

497 1746 538 1809 et
562 1764 634 1811 non
655 1742 699 1809 ad
720 1742 824 1809 vestri
846 1741 987 1809 dominii
1009 1742 1183 1809 laesionem.
1227 1740 1317 1822 Quas
1339 1741 1565 1807 excusationes

497 1844 634 1912 debiles
655 1848 806 1911 tenemus
828 1848 863 1913 et
886 1844 995 1931 quoad
1013 1844 1075 1911 hoe
1095 1842 1339 1910 insufficientes.

548 1946 618 2013 His
639 1947 772 2025 auditis,
796 1947 839 2014 ad
864 1947 1001 2015 fratrem
1026 1951 1174 2012 vestrum
1197 1950 1232 2012 et
1254 1944 1437 2012 exercitum
1458 1944 1698 2011 adivi-werhen

497 2070 593 2131 mus,
625 2049 803 2117 referemes
834 2050 881 2115 eie
910 2048 1137 2136 responsiones
1167 2054 1202 2116 et
1226 2048 1316 2114 dicta
1345 2047 1477 2114 illorum
1506 2017 1696 2134 quissffissffl

498 2152 646 2221 sumunt
666 2152 704 2218 in
727 2151 862 2240 Regula
1578 2166 1656 2214 ancy.

551 2253 717 2321 Dominus
739 2275 818 2320 vero
843 2252 1104 2340 archiepiscopus
1125 2257 1160 2322 et
1182 2254 1353 2341 opiscopus
1375 2253 1636 2320 Vasatennsnhe
1649 2266 1722 2318 mh-

506 2360 545 2423 ct
577 2355 678 2424 ceteri
711 2355 852 2423 barones
877 2361 976 2425 terras
998 2355 1122 2422 ibidem
1144 2361 1330 2442 praesentes,
1361 2356 1418 2442 qui
1440 2335 1735 2453 Siaiumssiss‘r'ss'ssneff,

502 2466 609 2527 torrae
632 2462 667 2525 et
693 2458 792 2526 corda
814 2457 985 2524 hominum
1008 2464 1223 2545 agnoverant,
1244 2459 1396 2524 videntes
1421 2457 1717 2545 periculosucceeued

502 2566 544 2629 et
575 2561 698 2627 damna
732 2583 806 2647 quae
836 2561 931 2626 vebis
960 2566 995 2626 et
1026 2565 1124 2628 terrae
1155 2565 1275 2627 vestrae
1319 2561 1464 2627 accidere
1495 2536 1722 2654 ροε-ῗίζῗιζξωῧ

503 2669 595 2743 sent,
638 2664 690 2729 his
727 2663 851 2741 diebus,
888 2663 925 2729 in
959 2663 1046 2729 facte
1083 2662 1158 2742 iste,
1195 2663 1224 2729 si
1263 2662 1387 2730 factum
1431 2662 1567 2751 Regulae

507 2770 547 2833 et
582 2765 624 2832 de
659 2766 783 2833 Vasato
815 2766 862 2832 sie
898 2765 935 2830 in
972 2787 1094 2853 guerra
1128 2765 1193 2831 ista
1226 2770 1456 2853 perseveraret,
1494 2771 1567 2832 tum

505 2876 647 2959 propter
681 2871 840 2958 quosdam
878 2871 1016 2939 barones
1050 2877 1085 2937 et
1108 2871 1251 2951 villatas,
1289 2878 1324 2938 et
1354 2873 1476 2939 multos
1511 2871 1567 2958 qui

507 2996 545 3040 se
579 2974 617 3039 in
657 2995 776 3061 guerra
813 2973 878 3038 ista
911 2974 1119 3060 appositores
1149 2996 1218 3041 esse
1251 2975 1478 3052 credebantur,
1510 2974 1568 3061 qui

509 3075 662 3142 nendum
711 3098 745 3142 se
790 3081 1022 3163 apposuerunt,
1062 3098 1136 3142 cum
1174 3082 1310 3163 prepter
1347 3077 1567 3142 munitionem

508 3181 739 3268 apponendam
777 3182 815 3247 in
854 3186 961 3248 castre
991 3187 1102 3249 vestro
1140 3183 1181 3247 de
1220 3182 1348 3269 Regula
1385 3183 1472 3269 quod
1509 3203 1568 3268 per

508 3305 665 3371 guerram
702 3283 776 3349 fieri
816 3306 884 3351 non
922 3289 1032 3371 posset
1071 3284 1142 3349 sine
1180 3284 1327 3349 maxime
1358 3284 1501 3370 periculo
1533 3289 1568 3350 et

509 3384 705 3463 homicidiis,
737 3408 797 3473 pro
832 3387 978 3451 maxima
1008 3386 1196 3452 munitione
1230 3408 1304 3473 quae
1337 3386 1403 3451 fuit
1429 3386 1465 3449 in
1487 3385 1569 3450 villa

513 3487 660 3574 Regula,
695 3510 769 3574 quae
804 3510 839 3554 sa
869 3493 1049 3575 opponeret
1078 3511 1153 3555 cum
1184 3489 1433 3576 perturbatione
1463 3489 1569 3554 totius

514 3595 621 3670 terrae,
652 3611 727 3656 cum
764 3613 824 3678 pre
856 3590 975 3656 itinere
1005 3591 1219 3678 prelatorum
1249 3596 1284 3656 et
1320 3591 1481 3656 baronum
1512 3592 1570 3678 qui

513 3692 559 3757 ad
580 3712 640 3757 ves
662 3693 698 3756 in
722 3692 879 3779 Angliam
902 3693 974 3758 sina
995 3715 1075 3780 pace
1098 3693 1153 3758 vel
1175 3699 1294 3780 treuga
1315 3694 1433 3760 advos
1456 3695 1569 3760 venire

514 3793 675 3860 nolebant
697 3816 758 3860 nec
789 3795 976 3875 audebant3
1010 3799 1083 3860 tum
1109 3795 1188 3881 quia
1210 3817 1323 3861 omnes
1346 3797 1420 3862 istae
1442 3803 1570 3882 pertur-

514 3896 666 3962 bationes
697 3896 734 3961 in
765 3901 856 3962 terra
885 3896 1045 3983 praedicta
1070 3902 1197 3962 statum
1219 3898 1342 3963 benum
1367 3921 1481 3986 capere
1503 3921 1569 3964 nen

514 4003 674 4083 poterunt
695 3999 765 4063 sinc
799 3998 934 4063 consilio
956 4002 1085 4078 vestro3
1119 4021 1180 4085 pre
1210 4000 1364 4066 omnibus
1388 4001 1462 4065 istis
1483 4001 1568 4087 peri·

515 4099 596 4165 culis
618 4099 784 4166 evitandis
814 4098 909 4164 fratri
939 4105 1058 4177 vestre,
1082 4100 1179 4165 nobis
1209 4106 1244 4166 et
1274 4101 1390 4167 ceteris
1415 4102 1568 4167 fidelibus

515 4201 643 4278 vestris,
673 4202 717 4266 ad
750 4207 902 4289 treugam
936 4201 1140 4288 capiendam,
1173 4203 1252 4288 quia
1281 4224 1348 4289 pax
1378 4203 1449 4268 sine
1473 4204 1569 4269 vobis

515 4324 585 4369 esse
616 4326 684 4369 nen
714 4308 834 4390 posset,
866 4303 1038 4371 consilium
1069 4304 1241 4371 dederunt
1288 4304 1371 4385 Qua
1397 4309 1494 4391 capta
1520 4312 1571 4370 est

519 4427 623 4491 usque
645 4407 689 4472 ad
711 4407 833 4472 festum
849 4406 880 4473 S.
896 4407 919 4472 J
922 4407 1062 4473 ohannis
1077 4407 1249 4493 Baptista,
1266 4406 1352 4473 sicut
1366 4407 1484 4472 melius
1499 4407 1571 4473 fieri

516 4507 628 4593 potuit
649 4508 701 4573 his
724 4508 841 4574 diebus
863 4531 922 4596 per
943 4509 1057 4576 fideles
1078 4515 1213 4576 vestros.

563 4608 727 4677 Praeterea
762 4615 884 4698 petunt
923 4611 1054 4698 praelati
1099 4615 1135 4676 et
1171 4610 1310 4676 barenes
1348 4611 1452 4676 vestri
1490 4632 1572 4697 ques
1585 4613 1707 4679 Taepa

517 4733 634 4779 vocare
673 4713 797 4779 fecistis
827 4736 886 4801 per
916 4713 1031 4782 literas
1061 4719 1195 4795 vestras,
1228 4713 1256 4779 si
1286 4713 1330 4779 ad
1360 4735 1420 4780 vos
1459 4715 1572 4781 venire
1585 4682 1710 4798 mane

719 4901 732 4906 -.
754 4900 948 4908 ——-————-
1175 4900 1330 4909 --ιι--

585 5023 590 5050 ¹
611 5021 774 5089 eipuficacre]
794 5022 895 5074 Bletted
906 5030 950 5074 out
960 5023 995 5089 by
1006 5025 1077 5089 galle.
1112 5025 1136 5077 It
1148 5041 1199 5077 vae
1209 5027 1270 5077 read
1280 5028 1315 5093 by
1326 5027 1481 5093 Brr'qnigny.
