4350 6442
608 1228 857 1277 nnusrnarrvn
880 1229 924 1276 on
945 1228 1014 1277 run
1037 1229 1144 1277 untur
1168 1231 1212 1277 or
1235 1230 1356 1279 nuum
1380 1230 1427 1279 111.
1481 1210 1547 1282 20⁷

493 1405 528 1464 et
559 1402 742 1487 gratiarum
774 1404 981 1490 plenitudine
1013 1402 1175 1469 Dominus
1207 1404 1376 1469 decoravit
1410 1404 1454 1468 ad
1496 1403 1547 1466 sui

493 1505 602 1591 gregis
635 1505 815 1591 profestum
845 1506 1030 1573 constituat
1059 1527 1157 1594 super
1185 1508 1300 1585 multa,
1334 1508 1459 1592 fiatque
1488 1527 1547 1592 por

494 1605 602 1691 ipsum
634 1609 717 1673 eoelo
749 1630 832 1695 grex
867 1609 936 1696 ipse
968 1609 1117 1687 vicinior,
1149 1617 1184 1675 et
1214 1609 1302 1675 salus
1335 1609 1459 1674 mundo
1491 1630 1550 1695 per

494 1708 564 1793 ejus
586 1710 816 1791 ministerium,
839 1732 971 1798 paxque
987 1711 1194 1778 Christicolis
1215 1711 1356 1778 feliciter
1377 1714 1546 1799 augeatur.

540 1812 652 1897 Hujus
682 1813 786 1900 igitur
816 1813 1043 1894 exultationis,
1074 1820 1170 1901 pater
1199 1820 1323 1891 sancte,
1360 1815 1546 1901 participes,

493 1915 537 1978 ad
569 1915 669 2001 pedes
692 1924 814 1983 veetrae
836 1917 1028 1982 sanctitatis
1051 1918 1190 1984 dilectos
1221 1918 1318 1985 nobis
1341 1917 1545 1983 Willelmum

495 2017 536 2082 de
559 2017 735 2084 Chauuent
758 2019 911 2085 clericum
933 2025 968 2085 et
990 2018 1194 2085 Willelmum
1215 2020 1257 2086 de
1280 2020 1383 2086 Aette
1404 2020 1546 2085 militem

492 2125 622 2185 nostros
678 2120 791 2186 fideles
835 2121 1107 2201 transmittimus,
1151 2123 1209 2207 qui
1254 2127 1379 2187 nostrus
1423 2123 1546 2188 mentis

490 2221 634 2305 jubilum
666 2224 761 2289 vobis
791 2224 971 2303 insinuent,
1009 2246 1135 2310 nosque
1172 2231 1207 2289 et
1244 2229 1372 2290 nostros
1405 2231 1440 2290 et
1474 2247 1548 2311 quur

494 2330 608 2391 nostra
639 2333 718 2391 sunt
752 2332 872 2393 vestrae
905 2326 1109 2393 beatitudini
1138 2349 1214 2392 oum
1248 2327 1338 2392 omni
1371 2326 1546 2393 devotione

492 2430 765 2497 recommendent.
808 2430 905 2511 Quod
931 2435 1044 2495 autem
1067 2430 1104 2494 id
1123 2430 1282 2496 haetenus
1299 2430 1401 2515 juxta
1422 2437 1545 2496 nostrae

491 2533 611 2597 mentis
658 2534 856 2600 desiderium
903 2532 1029 2599 efficere
1076 2533 1295 2619 nequivimus,
1345 2555 1386 2598 ne
1438 2555 1540 2620 grave

490 2641 585 2719 gerat
614 2641 727 2700 vestra
756 2636 916 2702 sanctitas
945 2634 1000 2701 vel
1030 2635 1227 2722 indignum
1257 2636 1440 2722 praesertim
1470 2657 1544 2701 cum

491 2737 586 2801 varia
630 2738 726 2803 nobis
771 2739 1009 2827 impedimenta
1054 2738 1247 2825 paraverint
1292 2738 1385 2825 regni
1438 2739 1545 2805 nostri

490 2840 638 2906 turbatio
674 2840 800 2907 dudum
826 2843 970 2920 suborta,
995 2847 1029 2907 et
1054 2845 1243 2907 nostrorum
1266 2841 1403 2907 rebellio
1432 2840 1545 2906 subdi·

490 2948 610 3020 torum,
645 2966 727 3030 quos
758 2945 860 3022 nobis,
896 2952 935 3011 ut
970 2966 1145 3032 speramus,
1179 2946 1252 3027 jam
1284 2945 1393 3010 virtus
1427 2945 1544 3010 divina

492 3047 636 3113 reddidit
659 3048 858 3114 humiliatos

537 3148 737 3215 Paternitati
760 3151 862 3216 etiam
885 3158 1005 3218 vestrae
1027 3174 1160 3239 precum
1183 3151 1346 3217 instantia
1370 3172 1435 3237 qua
1450 3152 1543 3217 decet

491 3258 525 3315 et
563 3252 698 3339 expedit
735 3253 957 3340 supplicamus
989 3258 1127 3331 attente,
1165 3261 1205 3318 ut
1243 3254 1295 3317 his
1332 3276 1407 3339 quae
1439 3255 1544 3319 nostri

493 3353 604 3418 nuntii
637 3355 825 3441 supradicti,
849 3362 917 3421 tam
945 3376 1006 3442 pro
1038 3357 1174 3444 negotio
1205 3358 1309 3422 erucis
1339 3378 1439 3442 quam
1470 3356 1545 3420 aliis

493 3477 551 3520 nos
573 3477 631 3521 seu
645 3478 783 3544 regnum
798 3464 949 3524 nostrum
963 3459 1242 3547 contingentibus,
1258 3458 1353 3523 vobis
1368 3465 1544 3546 exponent,

493 3558 591 3622 fidem
614 3566 648 3624 ot
679 3561 826 3627 savorem
853 3562 1052 3628 benevolum
1074 3567 1186 3628 vestra
1209 3563 1366 3650 dignetur
1388 3563 1547 3628 sanctitas

494 3659 657 3726 adhibere.

537 3763 634 3829 Teste
658 3785 734 3853 rege
756 3767 844 3854 apud
868 3767 1107 3847 windesoram,
1131 3768 1287 3835 vicesimo
1310 3767 1363 3832 die
1387 3766 1512 3832 Martii.

808 4000 1097 4013 ..-μη-.-
1106 3999 1222 4009 ..ι-

941 4162 1101 4229 DLXXI.

735 4320 859 4386 Rooss
882 4317 999 4384 Louna
1022 4334 1065 4381 ro
1090 4314 1220 4380 Hsuar
1244 4311 1309 4377 III.

842 4458 938 4524 (Roysl
949 4458 1056 4519 Leton,
1068 4455 1117 4508 No.
1131 4457 1202 4518 956.)

536 4575 750 4641 Seronissimo
783 4596 821 4640 ae
854 4571 1129 4639 excellentissimo
1164 4567 1297 4633 domino
1319 4587 1387 4644 suo,
1410 4562 1544 4630 domino
1558 4575 1620 4642 May
1635 4583 1673 4637 14,

494 4678 678 4764 nunna}
719 4677 782 4744 mi
818 4677 928 4765 grata
964 4674 1089 4740 uiuam
1126 4673 1197 4760 rogi
1230 4670 1371 4757 mgna,
1409 4647 1639 4733 r0m1n0¹²⁶²³

493 4780 636 4847 Ibernim
674 4787 708 4845 et
745 4780 821 4846 duci
853 4779 1054 4866 Aquitaniae,
1094 4797 1172 4843 suus
1210 4772 1388 4861 R[ogorus]
1429 4768 1544 4837 Lovell

872 5105 877 5133 ¹
897 5104 944 5155 See
955 5104 1029 5154 letter
1039 5099 1163 5153 DLXIX.
