4350 6442
613 1232 862 1283 nnusrm‘nru
885 1235 928 1283 or
951 1236 1021 1284 rna
1043 1235 1151 1285 aaron
1174 1235 1218 1285 or
1242 1236 1362 1286 nunnr
1386 1237 1436 1285 111.
1484 1217 1548 1289 au

497 1407 712 1473 residentium
728 1413 763 1473 et
784 1408 924 1473 aliorum
946 1409 1135 1474 clericorum
1158 1410 1253 1476 nobis
1268 1415 1302 1476 et
1319 1431 1420 1496 regno
1436 1415 1550 1476 nostro
1562 1421 1655 1499 aetion
1666 1425 1696 1474 os

498 1508 743 1575 adversantium
766 1517 800 1576 et
822 1516 919 1576 extra
942 1533 1080 1597 regnum
1111 1517 1261 1577 nostrum
1284 1512 1454 1598 agentium
1485 1490 1687 1625 dis-{ffrfffffi'ssy

497 1611 642 1692 trahant,
666 1613 849 1692 devastent,
872 1620 907 1679 et
929 1619 1146 1694 consurnant3
1176 1636 1215 1679 ac
1241 1636 1300 1679 uos
1326 1613 1551 1681 ecclesiastieae

497 1712 645 1780 libertati
680 1716 715 1779 in
746 1716 806 1780 hac
836 1721 930 1802 parte
960 1716 1141 1804 prospicere
1169 1716 1325 1793 volentes,
1350 1716 1391 1781 de
1417 1715 1550 1783 consiliu

497 1816 706 1901 prolatorum
737 1823 772 1882 et
794 1818 954 1882 baronum
985 1825 1171 1884 nostrorum
1202 1819 1243 1884 de
1273 1818 1407 1884 consilio
1437 1824 1550 1885 nostro

497 1918 711 1984 existentium
743 1919 1015 2007 assignaverimus
1046 1921 1259 2007 H[enricum]
1288 1921 1548 1986 Londonienscni

497 2021 691 2107 episcopum,
722 2022 986 2088 archidiaconum
1010 2022 1240 2103 Ominiensem,
1264 2029 1299 2088 et
1329 2023 1550 2110 Reginaldum

497 2122 538 2187 de
560 2124 714 2204 Norwed,
736 2124 779 2189 ad
802 2124 930 2190 fructus
953 2130 988 2189 et
1013 2130 1195 2211 proventus
1217 2131 1252 2190 et
1279 2126 1365 2192 bona
1388 2125 1551 2190 ecclesias-

497 2226 562 2290 tica
583 2226 770 2292 clericorum
794 2227 1025 2313 praedictorum
1053 2233 1123 2293 tam
1154 2227 1190 2291 in
1221 2228 1351 2293 dioecesi
1375 2226 1552 2293 Cantuari·

496 2328 565 2391 ansi
581 2350 679 2414 quam
703 2329 739 2393 in
754 2328 827 2393 aliis
851 2328 1017 2394 beneficiis
1036 2329 1105 2394 suis
1120 2333 1215 2394 extro
1231 2329 1369 2394 eandem
1384 2328 1550 2394 dioecesim

496 2429 538 2493 ad
583 2430 789 2495 collationem
836 2431 986 2517 lamuelicti
1040 2431 1271 2518 archiepiscopi
1325 2430 1551 2518 spectantibus

496 2532 678 2618 colligenda
693 2539 727 2598 et
749 2533 972 2612 custodienda,
990 2533 1039 2598 ita
1062 2533 1150 2618 quod
1173 2534 1299 2598 fructus
1314 2539 1349 2599 et
1372 2539 1551 2621 proventus

495 2639 530 2698 et
558 2635 646 2699 bona
677 2635 836 2721 praedicta
865 2638 976 2722 reponi
1012 2636 1157 2701 facerent
1191 2637 1226 2700 in
1260 2636 1393 2701 ecclesia
1426 2635 1550 2702 Christi

495 2737 691 2815 Centaurion,
714 2738 750 2800 in
772 2737 877 2802 sonna
899 2759 957 2825 per
978 2739 1134 2824 praelntos
1155 2744 1190 2803 et
1212 2738 1350 2803 barones
1376 2738 1549 2824 praedictos

494 2838 644 2924 provisa;
665 2860 703 2903 aa
733 2839 834 2904 iidem
857 2840 1025 2926 episcopus
1052 2846 1087 2906 et
1117 2840 1363 2905 archidiaconus
1394 2840 1437 2905 ad
1466 2863 1548 2927 prae·

494 2942 593 3007 inissa
607 2940 799 3027 exequenda
813 2941 965 3028 deputati
982 2942 1025 3006 ad
1046 2963 1191 3029 praesens
1214 2964 1280 3006 non
1302 2942 1423 3007 sintin
1438 2965 1547 3030 regno,

494 3049 528 3109 et
558 3044 659 3109 ctiam
690 3050 914 3131 procuratores
944 3066 1055 3109 eorum
1095 3044 1138 3108 ad
1172 3044 1233 3108 hoc
1263 3045 1467 3131 negligentes
1497 3046 1547 3110 in-

494 3147 678 3224 veniantur,
706 3169 764 3233 per
793 3146 881 3232 quod
912 3169 1033 3233 magna
1063 3146 1237 3211 distractio
1269 3169 1325 3210 seu
1352 3146 1548 3233 dilapidatio

493 3249 650 3315 debonis
681 3247 910 3314 ecclesiarum¹
941 3248 1173 3335 praedictarum
1196 3256 1330 3334 propter
1353 3255 1546 3333 pausantem

493 3352 585 3437 regni
621 3352 844 3416 turbationem
875 3351 946 3415 fieri
981 3355 1100 3436 praeeat,
1131 3350 1196 3414 nisi
1230 3350 1270 3413 dc
1301 3351 1547 3417 amservatione

494 3454 670 3519 eorundem
715 3475 789 3518 cum
827 3453 996 3518 celeritate
1034 3452 1270 3540 provideatur;
1308 3452 1547 3539 assignavimus

494 3555 647 3621 dilectum
680 3555 830 3621 clericum
861 3560 1012 3620 nostrum
1044 3555 1225 3620 Henricum
1248 3554 1289 3618 dc
1313 3554 1473 3619 Otintone
1503 3557 1546 3621 ad

494 3659 591 3723 blada
613 3658 776 3723 dictorum
809 3658 1040 3724 beneficiorum
1074 3657 1111 3721 in
1143 3656 1339 3740 quibusdam
1374 3656 1453 3721 loeis
1483 3658 1546 3722 sihi

493 3761 667 3847 assignatis
712 3782 769 3846 per
814 3766 1055 3824 sacramentum
1100 3760 1274 3845 proborum
1313 3764 1347 3825 et
1391 3758 1544 3846 legalium

492 3862 661 3927 homiuum
685 3863 851 3927 aestimata
873 3867 907 3926 et
930 3862 1127 3949 appreciata
1151 3861 1334 3940 vendenda,
1359 3862 1545 3947 pervisum

492 3973 526 4029 et
563 3965 735 4030 consilium
770 3970 1017 4051 procuratorum
1048 3964 1288 4050 praedictorum,
1323 3963 1350 4025 si
1390 3965 1545 4030 interesse

492 4068 676 4147 volucrint3
715 4067 836 4152 quihus
874 4067 935 4131 hoc
972 4067 1060 4131 idem
1100 4066 1289 4130 denunciari
1323 4067 1544 4152 praa-epirnus,

492 4170 540 4234 ita
561 4170 647 4256 quod
670 4170 710 4234 dc
733 4169 880 4234 exitibus
902 4169 980 4233 inde
1001 4167 1274 4254 provenientibus
1296 4174 1395 4254 prout
1415 4168 1543 4251 justum

493 4273 591 4337 i'ucrit
622 4271 776 4336 satisfieri
799 4271 963 4335 sarciamus.

540 4375 582 4438 tlt
605 4374 677 4437 ideo
701 4374 793 4438 vobis
817 4372 1012 4436 incendamus
1035 4372 1124 4457 quod
1148 4370 1284 4457 pmdato
1309 4371 1451 4435 Henrica
1474 4377 1543 4436 tam

490 4478 574 4541 circa
596 4475 848 4540 aestimationem
880 4497 978 4560 <paam
1002 4473 1224 4538 venditionem
1260 4471 1445 4551 eorundem,
1469 4495 1542 4537 cum

490 4580 591 4641 abeo
614 4578 764 4662 requisiti
789 4577 928 4653 fueritis,
950 4575 1114 4640 assistatis
1140 4580 1175 4638 ct
1198 4574 1388 4653 intendatis,
1411 4578 1446 4638 et
1468 4597 1544 4639 con·

490 4681 599 4744 silium
623 4685 658 4744 ct
680 4681 841 4744 auxilium
865 4685 1011 4742 vostrum
1035 4677 1209 4741 efficaciter
1232 4675 1437 4762 impendatis.

533 4782 630 4846 Teste
653 4804 727 4868 rego
753 4781 842 4867 apud
867 4779 1091 4854 Cantauriani,
1114 4786 1211 4843 sexto
1237 4779 1361 4843 decimo
1384 4778 1438 4843 dic
1461 4778 1542 4865 Sep-

489 4884 630 4948 tomhris.

755 5146 760 5173 ¹
779 5141 946 5208 ecclesiarum]
966 5140 1197 5201 ecclesiasticarum,
1211 5140 1267 5192 MS.
