4350 6442
581 1221 646 1284 244
736 1232 851 1282 noran
873 1231 945 1280 ann
969 1231 1084 1280 ornan
1109 1230 1312 1279 nrsronrosn
1335 1228 1485 1278 romanas

1079 1518 1149 1583 Du.

762 1654 891 1719 Hunnr
914 1654 982 1722 Ill.
1005 1671 1048 1717 ro
1073 1654 1213 1718 Ronnnr
1235 1652 1446 1716 Wanunusn.

866 1790 938 1853 (Rot.
951 1789 1008 1839 Par
1021 1793 1052 1839 47
1067 1788 1134 1838 Heu.
1147 1788 1205 1847 111„
1217 1788 1308 1838 memb.
1323 1789 1375 1851 16.)

414 1918 512 1974 Feta.
630 1906 699 1971 Rex
725 1907 868 1971 Roberto
892 1905 1100 1983 Waleraund‚
1125 1904 1254 1969 custodi
1285 1903 1440 1988 Quinque
1467 1900 1642 1971 Portuum.

416 1990 488 2037 ¹2⁰³·
583 2009 732 2074 salutem.

415 2124 540 2188 Keepthe
629 2112 712 2178 Cum
754 2135 852 2199 super
893 2110 1162 2177 contentionibus
1205 2110 1292 2174 inter
1331 2108 1470 2173 barones
1509 2111 1641 2171 nostros

415 2207 491 2255 peace
503 2194 546 2240 Μ’
585 2216 738 2302 Quinque
764 2216 927 2281 Portuum
942 2219 977 2280 ot
993 2214 1141 2278 homines
1164 2218 1294 2277 nostros
1321 2211 1361 2276 de
1377 2210 1500 2297 Magna
1515 2208 1641 2274 Gerou-

415 2258 571 2374 iiiiiiie
584 2319 680 2382 muth
696 2318 823 2383 dudum
838 2317 983 2382 subortis
1007 2315 1172 2381 ordinatio
1196 2314 1287 2401 poois
1311 2315 1352 2378 do
1373 2312 1510 2378 consilio
1525 2317 1641 2376 nostro

416 2391 515 2455 Ciaque
667 2421 674 2434 ·
762 2417 771 2455 1
815 2421 822 2433 .
1114 2418 1119 2430 .
1584 2414 1617 2427 ..

416 2457 490 2507 Pons
502 2458 552 2506 „d
582 2442 749 2507 provisum
797 2427 842 2485 sit
865 2419 907 2484 ad
930 2425 1056 2484 certum
1087 2419 1183 2493 diem,
1214 2423 1249 2482 ot
1288 2417 1328 2481 do
1358 2422 1474 2481 nostro
1502 2413 1640 2480 consilio

416 2525 518 2573 orror·
583 2524 663 2610 ipsis
693 2523 910 2609 praesentibus
949 2522 1137 2585 condictum
1179 2527 1214 2584 ot
1243 2524 1453 2606 pneceptum,
1492 2521 1532 2581 ut
1573 2538 1639 2602 pax

415 2589 511 2640 mouth.
584 2633 698 2690 nostra
713 2624 841 2711 plenius
864 2624 1021 2689 intereos
1045 2623 1179 2687 interim
1201 2621 1413 2699 observetur3
1435 2620 1531 2685 vobis
1547 2641 1639 2683 uran-

584 2728 700 2792 damus
726 2726 814 2812 quod
837 2748 895 2813 per
919 2748 1031 2791 omnes
1054 2731 1170 2812 portus
1190 2729 1320 2788 nostros
1335 2722 1511 2810 praedictos
1526 2721 1640 2807 hujus·

584 2830 672 2894 modi
697 2851 809 2915 paoem
836 2835 982 2894 nostram
1008 2826 1142 2893 clamari
1167 2834 1203 2891 et
1226 2825 1329 2891 teneri
1345 2824 1483 2901 faciatis,
1499 2824 1641 2888 tirmiter

585 2931 772 2997 inhibentes
803 2953 844 2995 ex
881 2938 974 3017 parte
1012 2936 1124 2995 nostra
1162 2950 1204 2993 ne
1240 2927 1296 3014 qui
1334 2949 1446 2993 eorum
1493 2925 1640 3012 piatatis

584 3033 773 3098 hominibus
797 3033 920 3097 nostris
950 3033 991 3097 de
1016 3030 1229 3107 Gernemnth,
1254 3053 1312 3094 seu
1342 3030 1414 3094 vioe
1445 3050 1552 3107 versa,
1584 3050 1640 3115 per

585 3142 707 3201 terram
733 3135 786 3201 vel
811 3158 869 3222 per
898 3158 1026 3221 aquam,
1052 3135 1134 3199 citra
1161 3132 1402 3198 ordinationem
1434 3131 1639 3217 praedictam,

584 3239 646 3303 sub
671 3260 772 3326 poena
800 3237 984 3301 amissionis
1013 3237 1207 3301 libertatum
1239 3257 1371 3300 suarum
1402 3233 1562 3299 damnum
1589 3234 1640 3297 in·

583 3340 692 3405 serant
713 3340 766 3405 vel
788 3361 973 3427 gravamen.
1022 3338 1063 3403 In
1086 3338 1187 3423 cujus
1211 3344 1271 3402 eto.

628 3443 726 3508 Teste
756 3446 916 3528 utsupra
940 3442 1032 3528 [rege
1056 3442 1144 3527 apud
1172 3440 1529 3525 westmonasterium}
1553 3438 1640 3503 vice·

584 3546 666 3610 simo
693 3546 746 3610 die
773 3544 952 3611 Februarii.

1051 3897 1137 3962 Dt'l.

608 4037 762 4103 Larinas
786 4038 925 4103 Parnnr
948 4056 991 4102 or
1015 4040 1128 4104 Suros
1153 4056 1198 4102 nn
1223 4039 1425 4109 Mosrronr.
1451 4038 1548 4102 Enna
1572 4056 1616 4102 or

879 4145 1078 4221 Lurcnsrna,
1103 4163 1174 4210 aro
1197 4162 1337 4210 urruns.

901 4277 1025 4340 (chapter
1037 4277 1124 4327 House
1137 4278 1321 4341 Miscellanea.)

631 4384 804 4450 Universis
835 4384 960 4450 Christi
986 4385 1140 4448 fidelibus
1170 4392 1346 4470 praesentes
1377 4384 1488 4449 urens
1519 4385 1640 4449 visuris

588 4487 639 4551 vel
665 4487 837 4563 audituris,
861 4486 977 4551 Simon
1003 4487 1043 4551 do
1071 4486 1185 4552 Monte
1207 4487 1299 4551 Furti
1323 4509 1429 4552 comes
1443 4487 1638 4563 leicestriae,

587 4589 750 4654 IIenricus
780 4591 821 4655 de
865 4589 977 4654 Monte
1009 4590 1112 4667 Forti,
1142 4590 1260 4655 Petrus
1295 4591 1336 4655 do
1379 4591 1493 4655 Monte
1536 4592 1640 4666 Furti,

586 4692 749 4757 Robortus
772 4692 813 4758 de
841 4692 913 4770 Ros,
941 4699 976 4757 et
999 4692 1056 4756 alii
1079 4692 1219 4757 iuuenes
1245 4699 1279 4758 et
1303 4693 1424 4758 milites
1450 4694 1512 4757 sibi
1537 4694 1640 4759 inira*-

585 4802 703 4873 rentos,
728 4795 868 4861 sulutem
896 4797 931 4860 in
958 4795 1109 4860 Dornino.

594 4996 766 5009 ψ
781 5000 911 5008 ι--ι--
925 5002 937 5007 -
957 5002 968 5007 -
989 5001 1539 5009 —u———--—-———-—————-—-———--
1558 5003 1638 5011 -—

651 5120 660 5132 ’
676 5122 813 5191 mun]
832 5122 908 5176 eone
920 5124 1003 5175 vonis
1014 5139 1106 5192 appear
1116 5131 1143 5174 to
1155 5124 1219 5175 bave
1231 5126 1294 5175 been
1305 5125 1411 5175 omitted
1424 5125 1506 5175 before
1517 5126 1576 5175 this.
