4350 6442
615 1183 867 1237 rmusuaamrr
889 1186 935 1236 ou
956 1185 1027 1235 rna
1049 1186 1158 1236 uersu
1180 1186 1225 1235 or
1247 1185 1369 1236 unsar
1391 1186 1445 1237 111.
1515 1172 1559 1240 67

489 1362 599 1429 cisto
620 1365 658 1428 et
678 1361 825 1447 reliquiae
846 1366 970 1429 nostrae
993 1361 1123 1448 deponi,
1137 1367 1172 1427 et
1187 1384 1300 1426 murus
1321 1362 1409 1426 inter·
1432 1361 1559 1425 dietum

492 1464 698 1531 thalamum·
725 1470 760 1531 et
792 1462 1084 1552 eleemosynarium
1119 1471 1289 1541 crestetur‚
1321 1469 1355 1528 et
1387 1464 1424 1527 in
1456 1485 1560 1549 parva

492 1564 690 1656 garderaba
705 1565 806 1653 juxta
828 1572 959 1655 portam
973 1588 1076 1632 unam
1091 1564 1268 1632 fenestram
1283 1565 1364 1643 fieri,
1379 1572 1413 1631 et
1435 1587 1559 1630 novum

495 1668 659 1735 latieium
681 1675 758 1735 ante
779 1669 937 1756 capellam
960 1669 999 1735 B.
1024 1669 1186 1757 Stephani
1209 1669 1289 1747 fieri,
1312 1674 1347 1734 ot
1376 1669 1413 1733 iu
1435 1668 1560 1755 capella

498 1770 542 1837 Β.
570 1770 743 1838 Katerinae
764 1772 911 1859 ejusdem
932 1772 1121 1860 imaginem,
1143 1777 1178 1837 et
1209 1771 1356 1857 ejusdem
1388 1770 1559 1837 historiam

497 1873 602 1939 ultra
623 1872 727 1939 altare
747 1874 871 1962 absque
893 1895 974 1940 auro
997 1880 1032 1940 et
1054 1895 1154 1940 auum
1185 1874 1323 1940 honeste
1358 1874 1502 1961 depingi,
1524 1878 1560 1938 et

498 1995 643 2043 murum
664 1976 749 2042 eirea
769 1976 893 2043 dietam
915 1976 1081 2064 aspellam,
1103 1977 1163 2042 ubi
1186 1977 1278 2064 prius
1308 1977 1374 2041 fuit
1399 1976 1558 2063 palatum,

500 2098 643 2143 murum
665 2077 746 2160 fiori,
772 2083 806 2144 et
836 2100 969 2145 murum
1000 2079 1101 2145 castri
1130 2100 1189 2166 per
1218 2078 1387 2144 columnas
1418 2084 1453 2143 et
1484 2098 1561 2164 sup·

500 2178 697 2269 ponitiones
725 2180 810 2247 bens
842 2181 1019 2259 emendari,
1052 2187 1089 2247 et
1126 2181 1282 2259 dealbari,
1319 2185 1355 2246 et
1388 2179 1559 2268 plumbum

503 2302 612 2369 super
630 2282 750 2348 turrim
773 2283 949 2362 emendari,
971 2289 1006 2351 et
1028 2285 1167 2350 eandem
1197 2285 1318 2349 turrim
1348 2283 1502 2360 dealbari,
1527 2286 1562 2347 et

506 2404 625 2450 omnes
646 2384 768 2465 domos,
789 2391 860 2453 tam
890 2387 926 2452 in
958 2391 1066 2452 castro
1098 2407 1198 2473 quam
1229 2387 1266 2452 in
1300 2386 1492 2467 curiatam
1525 2386 1562 2448 in

507 2486 638 2575 guteris
668 2509 767 2574 quam
801 2490 838 2554 in
870 2489 1070 2576 oooperturis
1104 2489 1294 2569 emendari;
1332 2495 1367 2553 et
1397 2489 1435 2553 in
1464 2509 1563 2575 parco

508 2594 580 2659 tria
615 2592 810 2674 molendina,
842 2596 998 2662 videlieet
1036 2617 1140 2661 uuum
1178 2596 1221 2661 ad
1259 2596 1379 2660 durum
1416 2594 1561 2672 bladum,

506 2696 652 2763 alterum
674 2694 717 2763 ad
738 2698 912 2776 braesium,
926 2704 961 2764 et
975 2699 1113 2765 tertium
1129 2697 1315 2763 fullerieum
1337 2696 1409 2762 fieri
1424 2696 1561 2761 faciatis.

509 2798 601 2864 Item
630 2819 745 2866 murus
773 2805 870 2866 extra
899 2822 1057 2888 magnum
1087 2802 1272 2867 thalamum
1303 2805 1453 2865 nostrum
1488 2821 1562 2885 pro·

507 2904 686 2981 sternatur,
697 2907 732 2969 et
745 2903 922 2969 latitudine
938 2902 1126 2990 quindecim
1140 2903 1261 2991 pedum
1277 2926 1297 2967 a
1312 2903 1401 2967 dioto
1415 2902 1563 2967 thalamo

510 3008 714 3084 amoveatur,
735 3011 771 3070 et
804 3003 844 3070 de
873 3025 960 3071 novo
990 3007 1051 3072 fiat
1081 3006 1228 3092 ejusdem
1259 3005 1448 3070 altitudinis
1471 3004 1563 3087 cujus

512 3124 601 3171 nune
621 3111 681 3184 est,
702 3112 737 3172 et
759 3107 847 3173 inter
868 3107 1008 3173 eundem
1030 3107 1215 3173 thalamum
1231 3112 1266 3172 et
1280 3107 1407 3172 <lictum
1431 3127 1561 3169 murum

511 3205 574 3272 fiat
595 3207 758 3293 quoddam
781 3209 978 3289 herbarium,
1002 3216 1038 3275 st
1068 3212 1104 3274 in
1131 3209 1294 3276 tresancia
1329 3209 1418 3272 inter
1452 3208 1562 3271 aulam

510 3313 549 3375 et
570 3308 694 3375 dietum
716 3309 900 3377 thalamum
918 3311 978 3377 liat
1007 3334 1113 3378 unum
1143 3313 1266 3378 ostium
1296 3310 1339 3374 ad
1370 3309 1560 3374 intrandum

511 3411 548 3475 iu
572 3410 697 3477 dictum
720 3413 918 3494 herbarium,
942 3420 977 3480 et
1006 3415 1043 3479 in
1064 3413 1245 3502 garderoha
1276 3411 1417 3478 thalami
1440 3411 1562 3498 reginae

510 3517 636 3580 nostrae
658 3515 726 3581 alta
754 3515 899 3583 fenestra
921 3519 1106 3599 vitreetur3
1137 3517 1236 3582 etde
1267 3515 1417 3582 eschaetis
1447 3536 1564 3602 prove·

511 3616 683 3682 nientibus
698 3617 738 3683 de
754 3619 936 3704 quercubus
958 3620 1131 3706 prostratis
1145 3620 1189 3684 ad
1203 3619 1361 3706 praediota
1375 3618 1565 3683 molendina

511 3717 641 3785 faciatis
670 3742 776 3786 unum
807 3743 924 3808 rogum
956 3722 1027 3786 fieri
1065 3722 1108 3786 ad
1145 3723 1351 3808 operationes
1383 3722 1565 3808 praedictas.

513 3820 561 3885 Et
581 3827 710 3888 austum
741 3824 831 3909 quod
861 3824 904 3889 ari
919 3823 980 3889 hoo
1012 3825 1187 3910 posueritis
1201 3847 1259 3911 per
1284 3824 1392 3889 visum
1416 3831 1450 3889 et
1473 3826 1566 3890 tosti-

512 3924 661 3989 monium
684 3924 839 4012 legalium
861 3926 1033 3992 hominum
1057 3932 1268 4013 computetur
1289 3926 1354 3991 tibi
1376 3926 1419 3990 ad
1442 3949 1565 3992 saurea-

512 4026 608 4090 rium.
654 4026 751 4093 Teste
773 4049 826 4092 me
848 4028 929 4116 ipso,
954 4029 1042 4115 apud
1066 4028 1257 4105 Guldelord,
1274 4029 1401 4093 docimo
1424 4029 1564 4114 septimo

513 4128 568 4192 dia
590 4127 802 4214 Septembris,
824 4152 912 4194 anno
935 4131 1030 4216 regni
1053 4132 1158 4195 nostri
1182 4131 1347 4197 tricesimo
1370 4132 1495 4216 quinto.

560 4229 733 4297 Iadoraerl.
780 4232 916 4298 Summa
937 4232 1095 4319 vjxxiijli.
1119 4233 1188 4319 viij.
1201 4254 1225 4297 s,
1248 4237 1283 4297 et
1305 4256 1335 4296 X.
1344 4230 1373 4297 d.
1398 4233 1446 4297 oh.
