4350 6442
617 1237 683 1299 280
773 1253 886 1303 noran
907 1252 983 1302 nro
1004 1254 1120 1302 orum
1144 1254 1350 1305 ura-romoni,
1373 1257 1520 1307 amnes

1054 1573 1242 1642 Dexxxl.

715 1721 846 1786 Hrrrnr
869 1721 1091 1788 III.rorn1·:
1114 1724 1269 1790 Surium
1291 1742 1335 1790 or
1358 1726 1562 1793 Hermone.

935 1868 1061 1934 (Chapter
1070 1871 1158 1922 Home
1169 1872 1352 1936 lliaoelhnea)

447 1999 575 2063 tracho,
660 1962 833 2063 Hebrions,
860 1984 923 2050 Dei
944 1985 1054 2072 gratia
1075 2006 1136 2050 rex
1158 1986 1299 2072 Angliae,
1315 1985 1469 2052 dominus
1492 1987 1667 2054 Hiberniae

451 2072 523 2117 ¹²⁶²
615 2094 650 2153 et
672 2087 741 2151 dux
764 2087 988 2173 Aquitanniae,
1009 2087 1195 2153 rioeeomiti
1221 2088 1433 2167 Herefordiae,
1455 2088 1606 2155 edutem

448 2208 582 2259 Arcenam
658 2191 869 2277 Praecipimus
891 2190 955 2255 tibi
978 2190 1066 2277 quod
1084 2213 1144 2278 per
1166 2199 1407 2256 sacramentum
1429 2192 1610 2279 proborum
1631 2196 1668 2258 et

447 2275 601 2392 {mm
613 2294 768 2380 legalium
801 2293 980 2369 bominum,
1002 2316 1062 2380 per
1095 2314 1185 2380 quos'
1209 2294 1256 2358 rei
1287 2295 1411 2359 veritas
1440 2294 1559 2359 melius
1589 2296 1666 2360 seiri

446 2409 569 2540 ffirqr‘quq
576 2396 937 2563 osqmttgelrittdililqenter
957 2396 1105 2481 inquiras
1120 2418 1178 2482 per
1193 2401 1355 2563 quantam
1367 2395 1537 2563 llam&
1551 2396 1668 2564 <lilakless-

569 2515 576 2526 ·
626 2520 647 2562 u
725 2520 743 2562 e
790 2520 848 2561 au
879 2520 1083 2563 oumeonu
1125 2519 1235 2562 rexrs
1270 2521 1291 2561 n
1328 2519 1475 2563 smeas
1575 2521 1594 2564 e

613 2600 719 2685 Haye,
742 2599 800 2685 qui
822 2606 967 2664 castrum
989 2600 1073 2664 illud
1084 2519 1209 2664 ilileoto
1231 2604 1266 2665 et
1287 2600 1377 2665 fideli
1399 2606 1513 2665 nostro
1536 2598 1666 2666 Simoni

612 2701 654 2767 de
674 2702 789 2767 Monte
805 2701 901 2767 Forti
923 2707 958 2767 et
971 2702 1046 2766 aliis
1067 2702 1308 2767 eonbaronibus
1330 2703 1451 2767 nostris
1471 2723 1530 2788 per
1551 2724 1665 2789 paoem
1730 2710 1738 2733 “

611 2803 828 2869 reddiderunt
850 2808 885 2868 et
916 2826 951 2869 se
981 2805 1099 2891 gratiae
1131 2826 1199 2868 sure
1221 2811 1473 2890 supposuerimt,
1503 2804 1665 2872 redimere

611 2930 647 2971 ae
680 2911 838 2994 poterunt
869 2905 1112 2971 rationabiliter
1142 2905 1266 2992 absque
1300 2906 1563 2973 exheredatioue.
1619 2908 1665 2973 Et

613 3008 859 3095 inquisitionem
892 3009 970 3074 inde
1003 3008 1125 3073 factam
1160 3005 1221 3072 sub
1253 3007 1361 3093 sigillo
1384 3014 1444 3074 tuo
1477 3014 1514 3074 et
1545 3010 1665 3097 sigillis

610 3134 720 3176 eorum
743 3133 801 3198 per
824 3132 906 3197 quos
927 3112 1015 3176 factu
1036 3110 1136 3175 fuerit
1157 3110 1252 3175 nobis
1279 3112 1394 3175 mittas
1415 3116 1450 3176 et
1472 3111 1534 3177 hoc
1556 3112 1665 3179 breve.

575 3287 581 3298 ‚
654 3214 751 3280 Teste
782 3236 834 3279 me
864 3214 937 3301 ipso
957 3214 1047 3299 apud
1071 3212 1410 3290 westmonasterium,
1433 3213 1577 3279 secundo
1609 3214 1664 3281 die

615 3317 737 3396 Martii,
759 3338 846 3381 anno
869 3315 962 3401 regui
985 3314 1092 3379 nostri
1115 3314 1364 3399 quadragesimo
1386 3337 1480 3381 nono.

1036 3711 1245 3777 DCXXXII.

888 3859 1017 3924 annr
1042 3859 1104 3924 ΙΙΙ.
1127 3876 1169 3923 ro
1193 3859 1301 3925 Leuis
1325 3860 1383 3924 IX.

818 3993 889 4057 (llot.
900 3993 985 4044 clius.
998 3993 1281 4051 4911en.111.‚memb
1294 3998 1309 4042 8
1322 3993 1346 4040 in
1360 3995 1453 4055 dono.)

442 4117 531 4211 llaqch
546 4127 584 4181 ra,
654 4111 737 4197 Regi
761 4109 908 4174 Franoiae
931 4131 990 4174 rex
1013 4107 1153 4193 Anglire.
1177 4107 1316 4172 salutem
1349 4113 1384 4171 et
1406 4107 1540 4174 sincera»
1562 4108 1664 4175 dilec-

445 4190 515 4235 ¹²⁶⁴'
609 4214 710 4278 tionis
731 4212 895 4277 affectum.

442 4330 588 4407 &nortae
654 4315 739 4395 Quia
777 4314 896 4380 seimus
927 4334 987 4377 voa
1021 4313 1062 4376 de
1090 4333 1243 4398 prospero
1273 4317 1365 4375 statu
1386 4316 1500 4376 nostro
1530 4317 1566 4377 et
1594 4314 1662 4379 Ed-

441 4395 568 4511 mm
608 4418 714 4483 wardi
751 4415 963 4504 primogeniti
1000 4414 1105 4479 nostri
1142 4413 1227 4479 velle
1265 4415 1441 4490 certiorari,
1486 4414 1660 4482 serenitati

442 4528 546 4577 nimau
609 4525 728 4586 vestire
750 4519 899 4606 cupiums
921 4539 990 4582 esse
1013 4524 1127 4581 notum
1152 4517 1241 4602 quod
1264 4516 1421 4603 paefatus
1443 4516 1531 4581 lilius
1545 4523 1661 4583 noster

440 4596 573 4717 ἰζζξῐζᾞ
609 4646 630 4686 a
651 4621 811 4702 custodia,
834 4642 900 4705 qua
931 4640 1037 4707 nuper
1059 4619 1100 4683 de
1122 4640 1254 4683 assensu
1277 4624 1311 4683 et
1333 4619 1505 4684 voluntate
1533 4626 1661 4697 nostra,

441 4728 577 4793 laingyou
610 4725 774 4790 occasione
807 4722 1008 4787 turbationis
1042 4721 1166 4786 habitio.
1200 4722 1236 4786 in
1266 4743 1366 4808 regno
1399 4728 1519 4801 nostro,
1542 4730 1578 4786 et
1598 4746 1662 4809 pro

441 4796 517 4843 'm
609 4851 688 4915 paee
719 4826 881 4891 firmanda
914 4824 1034 4890 ibidem
1067 4825 1288 4905 detinebatur,
1321 4825 1364 4889 ad
1395 4823 1602 4890 commodum
1625 4832 1662 4893 et

608 4931 764 4995 honorem
795 4934 945 4994 nostrum
977 4935 1011 4993 ot
1045 4950 1150 5003 suuni,
1172 4936 1303 4993 auctore
1326 4927 1479 5007 Domino,
1500 4926 1661 4995 liberatus

606 5037 665 5098 est.
711 5032 849 5096 Etcum
873 5038 944 5095 tam
967 5031 1009 5095 de
1030 5031 1208 5117 praemissis
1230 5053 1328 5116 quarn
1352 5031 1392 5094 de
1414 5029 1660 5114 tranquillitate

606 5133 699 5219 regni
721 5133 825 5198 uestri
847 5132 941 5196 vobis
972 5154 1030 5218 per
1064 5132 1206 5217 aliquem
1240 5133 1279 5197 de
1302 5132 1421 5197 vestris
1456 5132 1660 5199 innotescere
