4350 6442
423 4194 473 4244 We
481 4196 542 4245 send

423 4276 470 4310 our
480 4261 565 4310 bailiil'

422 4328 454 4377 of
460 4328 536 4378 Cum·

422 4395 525 4443 berland
536 4401 563 4443 to

422 4469 547 4523 represent

424 4542 454 4574 us
464 4526 489 4575 iu
502 4542 568 4591 your

420 4602 512 4641 conns.

577 1225 641 1286 212
732 1237 845 1287 noran
868 1237 940 1286 aun
963 1237 1078 1285 ornan
1103 1236 1311 1286 nrsroarcaa
1334 1236 1483 1286 amans

579 1438 716 1502 regnum
748 1421 897 1481 nostrum
930 1416 1111 1503 tangentia,
1143 1437 1217 1500 qnae
1239 1415 1280 1479 de
1302 1435 1390 1478 novo
1425 1418 1646 1485 emerserunt,

580 1520 623 1583 ad
645 1540 787 1606 praesens
810 1519 976 1584 commode
999 1539 1108 1583 carere
1131 1539 1199 1582 non
1224 1517 1380 1594 valemus,
1410 1522 1534 1581 vestrae
1556 1513 1641 1579 sub-

582 1621 737 1686 limitatis
759 1620 1048 1708 magnificentiam,
1073 1620 1114 1685 de
1143 1641 1210 1705 qna
1231 1619 1458 1685 vehementem
1489 1617 1643 1705 gerimus

582 1723 745 1800 fiduciam,
769 1729 808 1787 ut
830 1723 996 1800 debemus,
1019 1745 1112 1809 prece
1135 1744 1202 1808 qna
1224 1744 1396 1809 possumus
1419 1721 1643 1809 imploramus

583 1832 745 1910 quatenus
768 1825 913 1911 loquelas
947 1847 1028 1910 quas
1051 1824 1215 1889 Robertus
1247 1824 1351 1889 Filius
1374 1823 1458 1888 Adae
1493 1823 1536 1887 de
1559 1820 1646 1887 Bas-

583 1926 790 2014 teneswayth
813 1933 847 1993 ct
870 1926 1066 2014 Radulphus
1091 1927 1131 1992 de
1155 1925 1336 1991 Ulvesdale
1359 1930 1499 1990 movent
1521 1931 1644 1989 contra

583 2031 732 2108 eamdem,
757 2052 862 2095 coram
889 2029 1079 2095 vicecomite
1094 2034 1206 2094 vestro
1223 2027 1498 2107 Gumberlandire‚
1514 2048 1646 2113 ponere

582 2133 694 2198 velitis
716 2133 752 2197 in
775 2138 955 2218 respectum
988 2154 1090 2217 usqne
1124 2132 1158 2195 in
1193 2131 1394 2218 quindenam
1417 2136 1493 2217 post
1516 2131 1646 2195 festum

584 2235 616 2301 S.
656 2235 823 2300 Michaelis
855 2235 1004 2321 proximo
1036 2234 1196 2309 futurum,
1234 2233 1319 2298 velle
1356 2239 1505 2298 vestrum
1541 2253 1650 2318 super

584 2338 645 2403 hoc
683 2338 772 2403 dicto
811 2338 996 2402 vicecomiti
1039 2341 1150 2401 vestro
1188 2358 1247 2422 per
1285 2340 1412 2401 vestras
1449 2336 1577 2409 literas,
1617 2334 1648 2397 si

585 2441 699 2527 placet,
729 2440 961 2526 significantes,
993 2460 1169 2524 precesque
1201 2444 1332 2504 nostras
1368 2438 1403 2503 in
1441 2439 1504 2502 hac
1542 2444 1647 2523 parte

585 2542 698 2607 taliter
720 2542 944 2617 exaudientes,
967 2545 1066 2627 prout
1089 2546 1216 2605 vestras
1238 2541 1274 2605 in
1297 2562 1374 2605 casn
1397 2540 1562 2605 consimili
1588 2539 1647 2605 vel

587 2643 704 2728 majori
728 2665 787 2707 nos
809 2642 938 2708 velletis
961 2642 1118 2707 exaudire
1142 2664 1216 2707 eum
1239 2644 1367 2708 affectu.

630 2746 726 2810 Teste
748 2768 800 2809 me
823 2745 893 2831 ipsc
928 2744 1017 2830 apud
1041 2743 1264 2831 Tronequayr‚
1298 2744 1423 2810 decimo
1446 2744 1502 2808 die
1533 2743 1557 2807 J
1559 2744 1649 2821 unii,

585 2869 672 2912 anno
694 2848 787 2932 regni
808 2847 913 2912 nostri
935 2846 1060 2912 decimo
1083 2847 1191 2912 tertio.

1029 3281 1194 3345 DLXXV.

882 3431 957 3495 Tun
980 3448 1069 3495 sana
1090 3449 1132 3496 ro
1156 3448 1224 3496 rna
1248 3447 1343 3495 saria

948 3562 1044 3626 (Royal
1058 3563 1161 3613 letters.
1175 3562 1222 3611 No.
1236 3565 1289 3623 63.)

636 3664 810 3749 Magnifico
833 3667 981 3752 principi,
1001 3668 1143 3743 domino,
1164 3690 1202 3732 ae
1222 3667 1308 3753 patri
1329 3665 1649 3752 pracordialisaimo.

590 3767 722 3830 domino
758 3768 944 3853 H[enrieo],
977 3770 1038 3834 Dei
1077 3770 1183 3854 gratia
1221 3771 1289 3854 regi
1330 3768 1462 3855 Anglim
1509 3766 1648 3831 illustri.

590 3868 723 3933 donnino
764 3870 954 3955 Hylveruia,
993 3880 1027 3937 ct
1065 3873 1139 3936 ‹lnci
1180 3871 1404 3956 aquitannia,
1440 3868 1648 3933 Alexander.

591 3971 703 4035 eadem
742 3974 850 4058 gratia
884 3996 942 4037 rex
976 3974 1173 4053 Scottorum,
1207 3974 1355 4052 salutem,
1393 3979 1428 4037 et
1466 3971 1648 4055 utriusque

591 4073 672 4138 vita¹
695 4074 885 4138 felicitatem
908 4098 980 4139 curn
1005 4076 1115 4139 filialis
1137 4075 1322 4140 dilectionis
1345 4075 1524 4138 affectione.

637 4176 764 4242 vestra
787 4176 990 4241 celsitudinis
1012 4179 1223 4243 serenitatem
1258 4200 1350 4264 prece
1381 4200 1445 4263 qua
1468 4197 1649 4262 murrina

591 4278 803 4363 imploramus
842 4280 1002 4366 ampliori,
1036 4286 1201 4365 quatenus
1237 4280 1413 4344 Ricardum
1446 4278 1486 4342 de
1521 4276 1647 4342 Castil-

591 4382 737 4466 kayroch
775 4382 935 4447 ballivum
974 4390 1124 4448 nostrum
1160 4383 1335 4462 Cumbria‘,
1373 4382 1430 4468 qni
1468 4381 1504 4445 in
1542 4402 1645 4445 caum

592 4488 704 4549 nostra
728 4485 768 4549 de
792 4484 942 4571 Weteley
975 4491 1024 4550 est
1055 4487 1243 4563 instructus,
1267 4492 1302 4549 et
1324 4506 1420 4570 quem
1444 4483 1646 4549 obmussant

593 4587 783 4672 praedictam
819 4588 861 4651 ad
894 4589 1018 4651 curiam
1041 4595 1184 4651 vestram
1212 4588 1424 4657 destinamus,
1448 4585 1534 4649 sient
1557 4607 1648 4649 eorn-

592 4688 724 4751 modurn
760 4696 908 4754 nostrnrn
941 4712 978 4754 ac
1006 4690 1092 4773 juris
1124 4691 1225 4753 nostri
1259 4688 1447 4753 hereditarii
1471 4710 1544 4751 care
1569 4687 1648 4750 dili·

590 4790 669 4875 gitis
693 4791 918 4869 salvationem,
935 4792 1055 4855 habere
1079 4792 1261 4878 dignemini
1278 4789 1592 4859 recommendatum,
1609 4802 1644 4853 et

590 4914 663 4956 curn
688 4894 893 4958 commodum
917 4899 1067 4957 nostruin
1092 4901 1249 4979 tanquam
1273 4893 1451 4979 proprium,
1473 4893 1501 4955 si
1525 4891 1647 4979 placet.

590 5016 663 5058 enm
687 4995 807 5059 favoris
830 4997 937 5081 graatia
960 5018 1019 5060 nos
1042 4996 1192 5082 prosequi
1216 4996 1299 5061 velle
1323 4995 1648 5069 ‹lebentis‚eu1nlern

589 5116 648 5181 pro
673 5097 791 5159 incastris
815 5098 963 5182 precibus
994 5106 1028 5161 et
1063 5120 1174 5160 :nnore
1208 5098 1240 5161 in
1273 5098 1370 5163 dicia*
1393 5120 1499 5162 mllsw
1523 5106 1650 5161 ncta-tm·
