4350 6442
823 1234 1003 1284 srrsumx
1026 1235 1075 1284 m
1407 1218 1472 1284 895

419 1412 500 1483 regis
518 1410 638 1466 veniant
655 1410 693 1466 ad
710 1409 831 1465 brevem
849 1408 929 1464 diem
946 1408 1015 1464 inde
1032 1409 1220 1482 responsum
1240 1413 1271 1464 et
1287 1408 1407 1464 unicum
1423 1408 1474 1463 ha·

420 1496 507 1550 beant
524 1496 681 1560 esconium,
702 1495 728 1549 si
748 1494 858 1549 luerint
875 1494 906 1549 in
924 1510 1025 1565 regno,
1046 1499 1076 1549 et
1092 1493 1285 1549 incontinenti
1311 1491 1475 1548 deliberen-

420 1586 469 1634 tur
495 1580 686 1650 conquerenti
713 1579 813 1633 averio
838 1578 902 1633 sive
929 1577 1129 1634 districtiones
1154 1577 1221 1633 eliis
1242 1578 1298 1633 hec
1323 1578 1474 1633 occasione

420 1663 506 1727 sacta,
526 1670 556 1717 et
574 1662 736 1717 deliberate
761 1666 940 1725 remaneant,
959 1661 1051 1718 donec
1079 1662 1220 1733 plscitum
1245 1662 1323 1716 inter
1349 1678 1399 1716 eos
1417 1669 1475 1717 ter·

420 1749 556 1803 minetur.
604 1748 644 1802 Et
670 1748 695 1800 si
727 1746 839 1801 domini
868 1747 969 1811 curia),
996 1747 1048 1818 qui
1078 1746 1277 1802 districtiones
1307 1744 1477 1815 hujusmodi

421 1832 553 1895 iecerint,
568 1831 605 1885 ed
623 1830 702 1885 diem
721 1829 759 1884 ed
777 1847 865 1900 quem
884 1830 1036 1886 attachiati
1055 1831 1167 1886 luerint
1183 1846 1242 1884 non
1260 1829 1403 1894 venerint,
1426 1830 1476 1885 vel

421 1914 499 1969 diem
517 1932 570 1986 per
588 1916 737 1969 essonium
764 1914 821 1968 sibi
849 1914 952 1970 datum
975 1931 1034 1969 non
1059 1913 1289 1978 observaverint,
1309 1920 1379 1968 tunc
1397 1931 1476 1969 man·

421 1998 508 2053 detur
526 1998 692 2053 vicecomiti
719 1997 798 2069 quod
825 2014 875 2052 eos
904 1997 942 2053 ad
968 1997 1048 2052 diem
1072 1997 1159 2052 illum
1184 1997 1285 2053 venire
1313 1997 1412 2062 faciat,
1439 1997 1476 2053 ad

422 2100 510 2155 quem
527 2081 605 2136 diem
625 2083 650 2137 si
669 2099 727 2136 non
746 2082 890 2145 venerint,
903 2081 1059 2136 mandetur
1077 2081 1243 2136 vicecomiti
1261 2080 1340 2153 quod
1358 2080 1476 2137 distrin-

422 2174 476 2239 gat
492 2184 541 2221 eos
560 2184 613 2237 per
631 2167 730 2220 omnia
748 2182 814 2236 quse
833 2165 941 2220 hebent
968 2166 1000 2219 in
1026 2165 1137 2220 belliva
1154 2182 1217 2228 sue,
1237 2167 1280 2220 its
1306 2164 1385 2236 quod
1411 2166 1477 2236 regi

421 2249 596 2322 respondeat
614 2250 650 2304 de
669 2250 806 2313 exitibus,
826 2255 857 2305 et
875 2249 953 2320 quod
970 2249 1078 2303 habeat
1101 2266 1202 2304 eorum
1220 2265 1344 2320 corpora
1360 2248 1398 2304 ad
1415 2266 1477 2304 cer·

423 2341 486 2390 tum
504 2334 583 2389 diem
601 2332 821 2405 praefigendum,
839 2334 882 2388 ita
899 2331 977 2405 quod
995 2333 1021 2388 si
1039 2332 1087 2387 die
1106 2332 1158 2387 illo
1175 2350 1233 2388 nou
1250 2335 1394 2397 venerint,
1408 2351 1476 2404 pars

423 2435 603 2489 conquerens
622 2425 670 2473 eat
687 2417 755 2472 inde
775 2418 837 2472 sine
856 2417 903 2472 die
922 2423 953 2473 et
969 2417 1071 2472 averia
1098 2417 1160 2471 sive
1187 2417 1253 2472 sliae
1280 2416 1476 2473 districtiones

423 2503 586 2559 deliberata
611 2508 789 2565 remaneant,
809 2500 901 2556 donec
930 2501 988 2572 ipsi
1014 2500 1125 2556 domiui
1150 2507 1261 2557 uectem
1285 2502 1368 2557 illum
1394 2518 1477 2557 recu·

423 2587 591 2660 peraverint
608 2604 661 2658 per
679 2586 941 2642 considerationem
959 2585 1049 2640 eurise
1067 2583 1179 2640 domini
1203 2587 1293 2656 regis,
1314 2592 1345 2640 et
1361 2593 1479 2641 cessent

423 2672 542 2725 interim
561 2670 759 2725 districtiones
778 2667 956 2740 hujusmodi,
977 2668 1058 2723 selvo
1083 2668 1209 2725 dominis
1233 2670 1323 2725 eurise
1336 2670 1406 2741 jure
1424 2687 1477 2725 suo

424 2754 567 2809 desectis
586 2754 646 2808 illis
665 2753 870 2825 perquirendis
889 2753 1032 2807 informa
1046 2751 1135 2822 juris,
1154 2770 1223 2807 cum
1241 2753 1309 2808 inde
1327 2752 1408 2825 loqui
1427 2771 1477 2809 vo-

423 2838 541 2893 luerint.
580 2839 703 2893 Etcum
722 2837 832 2893 domini
851 2838 941 2891 cnriae
959 2837 1095 2891 venerint
1112 2838 1282 2910 responsuri
1300 2854 1478 2909 conqueren-

425 2923 503 2979 tibus
521 2923 558 2978 de
576 2921 745 2993 hujusmodi
764 2920 1007 2984 districtionibus,
1032 2920 1059 2976 si
1077 2938 1166 2992 super
1183 2921 1239 2977 hoc
1257 2923 1476 2987 convincentur,

425 3013 494 3061 tunc
512 3024 565 3078 per
583 3005 844 3061 considerationem
857 3004 947 3059 eurise
958 3010 1133 3076 recuperent
1144 3010 1356 3075 conquerentes
1373 3023 1478 3061 versus

425 3108 474 3145 eos
493 3089 598 3145 damna
625 3106 678 3143 suo
704 3105 769 3159 quse
796 3089 1001 3143 sustinuerunt
1026 3088 1178 3143 occasione
1196 3089 1344 3160 predicte
1361 3088 1478 3145 distric-

426 3174 522 3229 tionis.
562 3172 659 3227 Simili
685 3177 782 3226 autem
809 3169 906 3235 modo,
934 3171 959 3226 si
986 3175 1119 3226 tenentes
1146 3178 1214 3242 post
1238 3173 1313 3227 benc
1338 3173 1477 3228 constitu·

427 3259 534 3313 tionem
552 3255 725 3311 subtrahant
742 3255 868 3310 dominis
896 3255 958 3310 suis
984 3260 1079 3309 sectus
1106 3272 1178 3325 ques
1197 3256 1293 3310 iecere
1311 3256 1427 3321 debent,
1447 3261 1478 3312 et

427 3359 500 3411 ques
527 3347 594 3395 ante
621 3345 736 3410 tempus
763 3338 939 3410 supradictis
965 3338 1212 3394 transfretationis
1230 3345 1261 3394 et
1277 3339 1418 3395 hactenus
1436 3340 1478 3394 fa·

426 3443 492 3481 cere
512 3429 730 3485 consueverant,
746 3440 798 3493 per
816 3421 937 3476 eandem
952 3422 1100 3493 justitism
1119 3430 1149 3477 et
1166 3423 1346 3478 celeritatem
1365 3441 1424 3494 quc
1441 3422 1479 3478 ad

427 3509 489 3564 dies
520 3506 713 3579 praeligendos
744 3512 775 3562 et
799 3505 1000 3561 districtiones
1025 3504 1234 3577 adjudicandus
1264 3513 1479 3579 consequentur

427 3592 536 3647 domini
562 3592 651 3645 curiis
675 3590 823 3660 justitiam
841 3589 877 3644 de
896 3590 985 3644 sectis
1009 3589 1080 3654 illis,
1101 3606 1160 3644 uns
1185 3607 1254 3645 cum
1271 3590 1386 3645 damnis
1404 3592 1476 3655 suis,

428 3674 671 3747 quemadmodum
689 3681 822 3728 tenentes
834 3691 889 3728 sua
903 3673 1008 3728 damno
1018 3681 1201 3745 recuperant.
1237 3675 1277 3729 Et
1294 3675 1349 3730 hoc
1367 3676 1479 3731 seilicet

427 3759 463 3814 de
489 3759 602 3812 demnis
629 3756 837 3828 recuperandis
867 3757 1051 3827 intelligetur
1079 3757 1117 3811 de
1147 3757 1394 3815 subtrsctionibus
1421 3759 1478 3814 sibi

427 3844 522 3906 lectis,
536 3849 566 3897 et
584 3859 640 3895 non
653 3841 689 3896 de
702 3840 949 3895 subtmctionibus
963 3841 1049 3896 factis
1061 3842 1325 3912 praedecessoribus
1338 3844 1478 3914 ipsorum.

427 3926 638 3980 Verumtamen
657 3926 767 3980 domini
786 3925 875 3979 curiae
901 3943 1003 3980 versus
1030 3931 1163 3982 tenentes
1190 3944 1258 3983 suos
1286 3929 1423 3983 seisinam
1441 3927 1478 3982 de

428 4011 516 4065 sectis
534 4010 702 4080 hujusmodi
721 4026 895 4080 recuperare
920 4027 978 4064 non
1003 4016 1142 4081 poterunt
1161 4029 1215 4083 per
1232 4012 1381 4077 desaltam,
1401 4012 1478 4067 sicut

427 4112 481 4149 uec
499 4095 639 4149 huctenus
659 4095 722 4147 lieri
741 4094 901 4148 consuevit.
939 4093 984 4148 De
1008 4096 1097 4150 sectis
1121 4102 1220 4150 autem
1238 4113 1303 4167 quse
1321 4102 1388 4151 aute
1406 4103 1478 4149 tem·

428 4195 483 4249 pus
505 4178 680 4249 suprsdictae
698 4178 944 4233 transfretationis
972 4177 1129 4233 subtractre
1155 4180 1282 4244 suemnt,
1309 4185 1409 4235 currat
1431 4179 1478 4233 lex

428 4263 601 4326 communis,
621 4264 698 4317 sicut
716 4263 798 4334 prius
816 4279 935 4317 currere
953 4263 1113 4318 consuevit.

465 4346 509 4400 De
527 4353 613 4402 turno
631 4348 836 4401 vicecomitum
848 4347 998 4416 provisum
1016 4353 1071 4410 est,
1091 4352 1125 4402 ut
1142 4363 1262 4402 necesse
1279 4364 1335 4402 non
1353 4347 1479 4402 babeant
1491 4350 1647 4394 menteris·

429 4431 470 4485 ibi
498 4432 598 4485 venire
629 4430 850 4501 archiepiscopi,
880 4429 1020 4500 episcopi,
1039 4429 1169 4495 abbates,
1196 4431 1319 4501 priores,
1345 4433 1476 4493 comites,
1491 4406 1553 4444 ’Μ

429 4515 562 4578 barones,
590 4533 642 4568 nec
668 4514 761 4584 aliqui
790 4513 934 4584 religiosi,
966 4530 1019 4567 seu
1045 4513 1195 4578 mulieres,
1223 4515 1280 4569 nisi
1311 4515 1478 4586 specialiter

430 4616 531 4652 eorum
550 4599 706 4669 praesentia
724 4597 868 4666 exigatur,
897 4595 949 4650 sed
970 4603 1105 4651 teneatur
1122 4604 1226 4652 turnus
1245 4599 1323 4653 sicut
1340 4600 1478 4672 tempori·

431 4683 485 4735 bus
504 4681 752 4752 predecessorum
772 4679 883 4733 domini
901 4680 982 4751 regis
1003 4681 1097 4734 teneri
1119 4682 1278 4736 consuevit.
1317 4683 1357 4737 Et
1379 4684 1405 4738 si
1427 4683 1478 4754 qni

431 4766 461 4819 in
479 4764 639 4819 hundredis
658 4764 784 4818 dirersis
803 4763 929 4817 habeant
946 4768 1120 4827 tenemento,
1142 4782 1199 4819 non
1217 4765 1342 4820 hebeent
1359 4784 1478 4822 necesse

430 4850 466 4903 sd
490 4849 657 4919 hujusmodi
679 4857 798 4902 turnum
817 4848 926 4911 venire,
946 4847 1004 4902 nisi
1023 4848 1055 4902 in
1073 4848 1191 4903 bellivis
1214 4850 1265 4904 ubi
1285 4850 1394 4906 luerint
1411 4869 1477 4906 con·

430 4943 591 4987 versantes.
622 4932 661 4985 Et
678 4936 832 4985 teneantur
850 4932 929 4985 turni
948 4930 1109 4985 secundum
1123 4932 1247 4986 sormam
1265 4951 1379 5004 megnae
1391 4942 1479 4991 cartes

430 5019 521 5088 regis,
545 5025 574 5070 et
600 5016 677 5070 sicut
694 5015 873 5085 temporibus
900 5031 1006 5085 regum
1028 5014 1171 5069 Johannis
1197 5024 1227 5072 et
1245 5016 1364 5073 Ricardi
1386 5022 1479 5074 teneri

431 5106 652 5155 consueverunt.
692 5097 848 5152 Provisum
869 5104 916 5152 est
933 5098 1030 5162 etism,
1052 5097 1130 5168 quod
1150 5100 1251 5155 necin
1274 5101 1377 5155 itinere
1392 5103 1481 5174 justi·
