4350 6442
610 1223 856 1272 nnus‘mrrrvr
882 1223 925 1271 on
947 1223 1017 1272 rnn
1042 1222 1151 1274 uniar
1175 1225 1219 1274 or
1243 1223 1366 1274 nrrar
1390 1225 1439 1272 111.
1487 1211 1549 1273 225

495 1388 596 1454 istum
612 1391 777 1456 habebitis
792 1391 876 1458 sicut
891 1392 994 1458 eredo.
1041 1392 1086 1456 Et
1108 1391 1149 1456 de
1171 1389 1320 1478 episeopo
1343 1392 1416 1469 isto,
1431 1391 1553 1457 seilicet

497 1491 536 1555 de
560 1492 795 1572 Lemovicensi,
812 1517 884 1559 sum
907 1500 1016 1560 certus
1039 1494 1109 1580 ipse
1131 1516 1199 1560 non
1221 1494 1320 1559 habet
1343 1493 1552 1581 privilegium

495 1595 620 1659 domini
657 1595 742 1682 regis
781 1597 938 1676 Franciae,
977 1604 1011 1663 et
1049 1597 1138 1682 quod
1181 1597 1217 1661 in
1254 1597 1401 1683 registris
1439 1619 1552 1683 regum

495 1695 641 1763 Franeiae
679 1720 747 1763 non
785 1699 936 1785 [pote]rit
973 1700 1117 1765 inveniri
1156 1699 1244 1785 quod
1286 1699 1350 1763 iste
1380 1700 1553 1786 episcopus

494 1799 704 1886 privilegium
731 1801 852 1866 habeat
866 1803 921 1867 vel
944 1802 1095 1867 habuerit
1118 1807 1265 1890 tempore
1288 1807 1460 1867 retroacto.
1508 1802 1553 1867 Et

495 1900 555 1966 hoc
588 1903 737 1968 intellexi
768 1926 827 1991 per
856 1904 1022 1989 quandam
1044 1927 1198 1991 magnam
1228 1910 1262 1969 et
1292 1904 1413 1969 bonam
1444 1927 1554 1991 perno-

494 2026 572 2068 nam
606 2006 744 2071 istarum
789 2006 943 2093 partium,
989 2030 1063 2093 quoe
1101 2009 1186 2072 bene
1222 2007 1319 2071 novit
1357 2004 1453 2093 super
1492 2007 1553 2073 hou

494 2107 676 2172 veritatem.
722 2108 768 2174 Et
791 2108 831 2173 de
846 2110 995 2195 episeopo
1010 2109 1270 2196 Petragorieemri
1286 2108 1381 2175 vobis
1404 2108 1552 2195 significo

497 2206 579 2271 illud
601 2209 698 2274 idem.

540 2310 624 2375 Item
655 2312 736 2376 sciat
759 2318 869 2378 vestra
902 2313 992 2400 regia
1018 2314 1176 2379 celsitudo
1200 2314 1287 2399 quod
1315 2313 1463 2378 homines
1493 2313 1722 2399 quiThetemnu

495 2417 609 2478 tenent
630 2415 795 2479 munitum
819 2420 963 2481 castrum
989 2417 1029 2481 de
1056 2415 1208 2480 Burdella
1233 2438 1292 2502 pro
1317 2416 1443 2481 Bosone
1474 2393 1709 2510 Ber-gl‘ssggssffi

495 2516 589 2580 nardi
623 2517 663 2581 de
694 2517 847 2582 Bordella
876 2522 981 2583 totam
1019 2519 1159 2605 patriam
1191 2518 1375 2596 destruunt,
1406 2518 1552 2583 homines
1565 2526 1709 2603 deu1e¹are

494 2619 659 2703 capiendo,
697 2620 798 2685 boves
835 2626 975 2696 arantes,
1014 2642 1092 2686 oves
1130 2626 1164 2685 et
1209 2620 1366 2685 animalia
1406 2620 1481 2699 alia,
1518 2625 1552 2685 et
1565 2592 1697 2710 ffissthe

494 2721 648 2806 quiequid
671 2723 818 2788 invenire
841 2730 978 2809 possunt
1000 2723 1159 2809 capiendo
1182 2730 1217 2787 et
1241 2722 1408 2809 rapiendo,
1424 2730 1459 2788 et
1483 2722 1553 2788 haec
1565 2733 1681 2790 country,

494 2824 603 2887 omnia
626 2830 660 2889 et
683 2824 794 2911 pejora
816 2825 951 2902 faciunt,
975 2831 1010 2890 et
1034 2825 1071 2889 in
1094 2831 1183 2890 terra
1205 2830 1374 2890 restruet
1401 2825 1436 2888 in
1456 2793 1720 2909 unisffiffm

494 2925 708 3005 ecelesiarum,
733 2927 968 3013 religiosorum,
992 2927 1147 3007 rnilitum,
1175 2934 1209 2993 et
1240 2928 1388 2994 omnium
1412 2927 1550 2993 aliorunr
1564 2925 1703 3002 rumperi-

493 3028 550 3112 qui
600 3027 724 3093 habent
762 3030 887 3115 aliquid
924 3031 961 3093 in
1001 3030 1151 3116 partibus
1182 3030 1254 3106 illis,
1293 3052 1393 3116 quare
1427 3030 1551 3095 facturn
1563 2993 1703 3124 ffigffis‘h‘

493 3136 639 3193 vestrum
674 3130 807 3194 inistis
838 3132 990 3218 partibus
1014 3138 1064 3197 est
1087 3131 1323 3196 deterioratum
1350 3152 1417 3196 non
1448 3124 1710 3240 modj.p'erpneesor

493 3252 567 3295 cum
582 3237 617 3296 et
640 3282 910 3298 ..........
950 3233 995 3297 Et
1019 3233 1131 3299 sciatis
1153 3256 1213 3319 pro
1236 3241 1325 3298 certo
1340 3234 1428 3318 quod
1444 3237 1551 3298 totum
1609 3206 1669 3242 ’ω’

493 3355 664 3399 commune
687 3334 805 3421 patriae
827 3336 989 3401 miserunt
1012 3335 1179 3422 religiosos
1201 3336 1289 3401 viros
1312 3335 1355 3400 ad
1381 3335 1551 3400 dominum

494 3457 600 3522 regem
634 3436 790 3517 Franciae‚
832 3438 1053 3524 supplicantes
1094 3438 1201 3502 eidem
1237 3442 1276 3503 ut
1313 3460 1410 3524 super
1455 3444 1551 3503 tanta

492 3544 581 3623 peste
611 3538 767 3625 dignetur
797 3541 966 3605 consilium
1001 3562 1097 3604 suum
1128 3562 1292 3626 apponere
1322 3547 1357 3606 et
1381 3540 1548 3625 juvamen

493 3640 538 3705 Et
573 3663 645 3705 curn
680 3662 741 3727 ego
774 3648 910 3728 propter
944 3643 1093 3709 infinitos
1130 3643 1285 3708 clamores
1323 3642 1380 3729 qui
1418 3643 1459 3707 ud
1497 3666 1550 3709 me

491 3743 670 3807 veniebant
693 3750 809 3808 eontra
832 3745 918 3830 ipsos
940 3746 982 3810 ad
1012 3745 1138 3810 dietum
1169 3753 1311 3811 castrum
1335 3746 1375 3810 de
1398 3745 1551 3810 Bordella

493 3847 707 3930 personaliter
736 3848 894 3925 venerim,
924 3854 958 3913 et
988 3870 1042 3913 eos
1076 3871 1117 3913 ex
1147 3854 1241 3935 parte
1265 3853 1377 3913 vestra
1406 3852 1440 3913 et
1477 3870 1550 3913 mea

492 3949 690 4034 requirerem
718 3957 757 4014 ut
782 3971 838 4036 per
853 3972 906 4015 rne
931 3951 1207 4036 conquerentibus
1230 3952 1382 4016 emendas
1404 3951 1549 4016 facerent

492 4059 720 4136 competentes,
746 4060 780 4117 et
803 4053 885 4116 milri
908 4053 1066 4138 quosdam
1089 4060 1202 4140 eaptus
1225 4053 1282 4140 qui
1304 4060 1383 4118 sunt
1405 4054 1445 4118 de
1461 4058 1549 4118 term

491 4161 601 4218 vestra
627 4176 708 4240 quos
731 4160 846 4220 tenent
881 4156 1098 4221 incarceratos
1128 4156 1314 4233 liberarent,
1340 4155 1403 4243 ipsi
1437 4155 1549 4221 nolue-

492 4262 569 4320 runt
592 4279 650 4342 pro
674 4279 726 4322 me
749 4257 876 4342 aliquid
899 4258 1011 4334 sunere,
1028 4279 1088 4324 nec
1111 4259 1192 4322 milri
1215 4258 1250 4323 in
1273 4258 1383 4344 aliquo
1405 4258 1546 4323 obedire.

493 4358 592 4423 Unde
607 4366 724 4425 vestrm
754 4360 927 4425 serenitati
950 4360 1097 4446 supplico
1119 4368 1281 4446 quatenus
1302 4382 1399 4446 super
1422 4365 1547 4426 statum

491 4460 569 4524 dicti
593 4463 690 4526 uestri
725 4464 766 4526 de
791 4462 944 4527 Borrlella
974 4468 1008 4527 et
1042 4462 1214 4527 hominum
1244 4463 1302 4549 qui
1336 4468 1414 4529 sunt
1436 4462 1484 4527 ibi
1514 4467 1548 4529 et

490 4584 586 4647 super
624 4570 749 4628 etatum
787 4565 914 4651 patrita,
945 4570 979 4629 et
1013 4586 1111 4649 super
1142 4564 1336 4629 elamoribus
1369 4564 1481 4650 populi
1513 4570 1548 4629 et

491 4665 640 4748 querella,
664 4689 738 4730 curn
770 4668 902 4731 rlorrrino
927 4667 1126 4752 Rrrymundo
1157 4665 1197 4730 (le
1226 4666 1326 4729 Bonis
1350 4666 1445 4744 Villa,
1472 4688 1546 4731 cum

489 4766 531 4829 ad
564 4774 706 4831 vestram
740 4770 948 4854 praeentiam
980 4769 1118 4845 venerit,
1157 4769 1331 4833 veritatem
1366 4791 1425 4855 per
1456 4768 1547 4853 jum·

640 5109 645 5137 ¹
665 5111 711 5157 See
725 5110 875 5167 (fourcullrs,
886 5110 957 5159 l'ulrs
970 5112 1000 5160 ile
1010 5112 1108 5162 trunci·
1130 5110 1162 5160 lv.
1182 5110 1328 5165 Vernadum.
1341 5126 1363 5175 p.
1379 5118 1401 5163 5.

578 5204 652 5252 vor„
679 5207 713 5253 ll.
1393 5209 1413 5255 P
