4350 6442
606 1197 856 1251 unusuasrrvn
878 1198 922 1249 or
944 1198 1015 1249 run
1037 1200 1147 1251 aaran
1169 1200 1213 1249 or
1236 1199 1358 1251 unsar
1381 1198 1431 1251 ru
1480 1188 1544 1253 118

490 1376 566 1442 illos
587 1397 646 1443 sex
667 1396 781 1457 annos,
804 1375 925 1463 quibus
954 1376 1039 1442 circa
1067 1375 1193 1443 factum
1215 1376 1346 1465 Apuliae
1373 1377 1544 1445 intendere

492 1498 553 1543 nos
568 1483 707 1565 oportet,
723 1481 811 1545 sicut
832 1478 921 1545 idem
942 1500 1002 1543 nex
1015 1478 1188 1547 nobishoc
1209 1480 1330 1546 annuit
1352 1481 1403 1545 sui
1425 1481 1544 1569 gratia,

491 1585 645 1667 propter.
659 1581 818 1647 honorem
848 1585 998 1646 nostrum
1020 1585 1056 1647 et
1085 1582 1326 1668 promotionem
1356 1580 1417 1649 filii
1438 1582 1545 1649 nostri

439 1694 446 1707 ·
491 1682 724 1771 consanguinei
747 1682 806 1749 sui.
846 1682 943 1763 Quod
964 1681 993 1748 si
1015 1682 1101 1748 forte
1116 1682 1252 1770 objiciat
1273 1684 1395 1750 nostris
1417 1686 1545 1751 nuntiis

491 1784 581 1871 qnod
597 1785 671 1872 jam
692 1791 810 1852 votum
840 1790 992 1851 nostrum
1022 1784 1058 1850 in
1087 1784 1213 1852 lactum
1239 1786 1372 1873 Apuliae
1401 1808 1545 1853 commu-

490 1886 639 1953 tavimus
667 1894 802 1974 propter
831 1887 1038 1954 commodum
1067 1891 1317 1965 nostrumnon
1340 1889 1545 1956 observando

491 2008 551 2076 por
571 1988 633 2056 hoc
654 1991 742 2077 quod
768 1990 857 2056 inter
879 1990 988 2077 ipsum
1011 2010 1123 2077 regem
1142 1994 1178 2057 et
1200 2011 1262 2056 nos
1281 1991 1469 2057 condictum
1483 1997 1543 2072 est,

490 2092 686 2179 respondere
716 2096 855 2180 possunt
885 2092 928 2157 ad
957 2090 1019 2159 hoc
1050 2091 1153 2158 iidem
1182 2092 1297 2159 nuntii
1335 2097 1369 2158 et
1402 2092 1541 2160 firmiter

489 2212 633 2261 merare
663 2195 761 2281 quod,
795 2194 873 2260 licet
905 2214 964 2281 per
987 2192 1250 2260 Bononiensem¹
1275 2194 1461 2283 episcopum
1483 2217 1545 2283 pro

491 2296 749 2363 commutatione
771 2297 841 2363 voti
864 2294 971 2362 nostri
1001 2294 1038 2360 in
1067 2295 1191 2363 factum
1221 2297 1353 2384 Apuliae
1384 2298 1544 2365 fuerimus

490 2396 703 2486 interpellati,
740 2397 833 2464 nullo
870 2403 985 2464 tamen
1021 2398 1120 2465 modo
1163 2399 1414 2466 commutationi
1454 2400 1543 2467 illius
1660 2458 1662 2463 .

490 2500 722 2578 consensimus,
755 2522 862 2586 neque
900 2500 1141 2567 consentiemus
1178 2501 1250 2567 sine
1281 2501 1360 2589 ipso,
1394 2502 1451 2568 sed
1485 2524 1545 2570 nec

490 2601 624 2691 signnm
647 2603 751 2668 crucis
773 2603 863 2689 quod
878 2604 1115 2690 assumpsimus
1128 2603 1340 2681 mutavimus,
1363 2625 1423 2670 nec
1445 2604 1544 2671 aliter

491 2702 668 2771 deferimus
691 2727 790 2792 quam
814 2728 886 2772 eam
908 2728 929 2772 a
950 2705 1113 2793 principio
1128 2704 1255 2772 deferre
1269 2704 1464 2787 solebamus,
1480 2729 1540 2773 nec

491 2807 561 2875 sino
583 2807 656 2896 ipso
678 2808 841 2874 faciemus.

536 2910 690 2976 Consulit
715 2915 829 2976 tamen
859 2909 948 2975 idem
981 2932 1095 2989 comes,
1129 2911 1217 2997 quod
1249 2911 1279 2976 si
1308 2931 1368 2998 per
1396 2912 1542 2998 aliquam

491 3012 654 3079 cautelam
680 3012 734 3078 vel
760 3011 985 3091 mediatorem,
1010 3013 1105 3079 velut
1134 3034 1193 3101 per
1215 3012 1365 3079 Garsiam
1396 3014 1544 3093 Martini,

492 3112 521 3178 si
558 3115 602 3180 ad
638 3114 700 3181 hoc
737 3135 795 3201 per
831 3135 891 3179 vos
927 3118 1023 3180 tante
1059 3114 1172 3180 valeat
1217 3114 1339 3194 induci,
1377 3118 1543 3203 procurari

491 3214 596 3303 possit
616 3221 657 3282 ut
679 3215 858 3303 praedictus
879 3238 939 3282 rex
963 3238 984 3281 a
1006 3237 1041 3283 se
1063 3216 1143 3303 ipso,
1174 3237 1242 3282 non
1271 3216 1365 3283 velut
1395 3239 1417 3282 a
1449 3218 1544 3283 nobis

490 3316 728 3405 interpellatus,
760 3318 842 3383 duos
868 3317 991 3405 priores
1017 3316 1174 3383 articulos
1204 3322 1239 3384 et
1261 3316 1343 3383 alios
1364 3318 1401 3383 in
1422 3318 1544 3405 scripto

492 3420 581 3485 inter
613 3441 674 3486 nos
708 3424 880 3486 contentos
913 3420 1080 3486 remittere
1112 3419 1204 3501 velit,
1227 3440 1289 3485 nos
1322 3420 1366 3485 ad
1399 3441 1543 3486 commu-

491 3522 633 3587 tandum
670 3527 788 3587 votnm
826 3521 932 3587 crucis
961 3526 1083 3588 nostrae
1120 3521 1158 3586 in
1187 3520 1311 3587 factum
1349 3521 1544 3589 Africanum

491 3629 566 3710 post
606 3624 786 3690 terminum
826 3623 1059 3711 praedictorum
1099 3645 1159 3689 sex
1199 3644 1360 3690 annorum
1405 3623 1545 3712 obligari

492 3726 744 3802 comentiamus,
778 3725 858 3791 dum
903 3729 1014 3791 tamen
1053 3729 1162 3790 status
1199 3729 1298 3793 terrae
1341 3731 1464 3794 nostrae
1509 3732 1545 3793 et

492 3827 624 3915 Apuliae
647 3827 709 3893 hoc
730 3825 923 3914 permiserit.
970 3825 1080 3893 Aliter
1094 3831 1206 3893 autem
1229 3848 1291 3894 nos
1312 3828 1356 3893 ad
1379 3828 1441 3895 hoc
1463 3828 1546 3896 obli-

491 3928 565 4016 gari
586 3952 654 3995 non
677 3928 818 3994 consulit
840 3927 929 3994 idem
952 3949 1065 4007 comes,
1090 3933 1125 3993 et
1146 3949 1244 3995 causa
1265 3926 1336 3996 hae‘c
1367 3935 1428 4012 est,
1455 3930 1544 4018 quod

492 4030 606 4096 siad'
629 4031 718 4096 hunc
743 4030 920 4096 articulum
946 4029 1050 4117 magis
1075 4051 1176 4116 quam
1200 4031 1292 4119 prius
1316 4030 1544 4119 obligaremur,

492 4138 527 4199 et
563 4131 600 4198 in
637 4132 748 4219 aliquo
784 4131 924 4198 aliorum
962 4130 1180 4212 deficeremus,
1210 4131 1352 4198 amicum
1393 4137 1543 4199 nostrum

491 4232 725 4314 amitteremus,
750 4240 784 4300 et
810 4233 1025 4298 nihilominus
1052 4233 1096 4299 ad
1118 4234 1206 4299 hunc
1227 4232 1404 4301 articulrmr
1426 4235 1545 4302 fortius

491 4337 755 4426 astringeremur.

537 4438 583 4504 Et
619 4439 698 4505 licet
734 4437 871 4503 nuntios
912 4441 1043 4502 nostros
1086 4438 1261 4525 prvadictos
1305 4457 1414 4504 coram
1447 4426 1690 4560 nobisyfflst

493 4546 530 4607 et
562 4541 696 4607 oonsilio
737 4546 849 4605 nostro
890 4538 1146 4604 instruxerimus
1181 4543 1216 4604 et
1247 4538 1692 4620 informaverimuafflm

491 4648 590 4731 prout
623 4643 741 4708 melius
768 4642 924 4707 scivimus
963 4646 998 4707 et
1035 4641 1211 4728 potuimus
1243 4647 1404 4729 Pffflfflsste
1441 4642 1544 4711 ΜΘ
1556 4625 1657 4747 m,

576 4982 581 5011 ¹
601 4980 790 5047 Bononiam]
804 4980 868 5040 Bon,
877 4978 935 5030 MS.

573 5060 647 5126 ἀῶ]
661 5060 805 5123 adeaMS.
840 5057 1441 5115 meerwunodonbrintendectobcsmeo

580 5156 652 5205 ΥΟΕ
677 5157 712 5205 ll.
1386 5158 1413 5207 Η
