4350 6442
583 1182 643 1245 loo
737 1191 853 1245 noran
875 1192 949 1242 arm
971 1194 1086 1242 orans
1109 1190 1318 1241 msronrcsr.
1341 1189 1487 1240 narrans

580 1371 729 1435 misimus
752 1372 882 1434 firmam
905 1373 1051 1434 vestram
1074 1369 1110 1432 in
1133 1368 1215 1433 villa
1236 1368 1309 1454 ipsa
1332 1369 1450 1448 levare,
1469 1388 1529 1455 per
1550 1364 1640 1453 quod

580 1473 622 1538 de
644 1473 740 1537 firma
763 1469 931 1538 illavobis
953 1493 973 1536 a
996 1475 1085 1535 retro
1108 1475 1158 1535 est
1182 1491 1305 1556 magna
1326 1470 1475 1557 pecuniae
1490 1490 1640 1547 nummu

580 1577 710 1661 dequo
734 1596 801 1639 non
833 1571 1001 1638 immerito
1033 1574 1189 1638 commoti
1223 1571 1333 1638 fuistis
1364 1578 1399 1638 et
1431 1573 1520 1649 irati,
1541 1575 1643 1657 prout

581 1677 665 1743 sacri
696 1676 820 1741 oraculi
850 1675 956 1740 vestri
988 1675 1083 1739 nobis
1118 1674 1236 1739 directi
1267 1674 1417 1740 recitatio
1450 1672 1640 1739 declaravit

627 1777 710 1858 Quae
725 1777 859 1863 quidem
874 1775 1051 1842 commotio
1066 1776 1155 1842 tanti
1176 1777 1332 1863 principis
1347 1797 1424 1862 erga
1440 1796 1502 1841 nos
1515 1775 1640 1862 absque

580 1882 689 1947 dolore
713 1880 860 1945 cordium
884 1878 1019 1943 auribus
1042 1878 1165 1943 nostris
1196 1898 1263 1942 non
1294 1878 1450 1956 insonuit,
1473 1899 1550 1943 eum
1579 1898 1641 1945 nos

580 2004 789 2069 nequaquam
831 1984 865 2047 in
907 1981 1045 2067 tallagio
1081 1987 1140 2045 aut
1180 1981 1286 2046 firmae
1317 1985 1438 2047 vestrae
1471 1980 1641 2049 levatione

579 2086 719 2151 ballivos
740 2086 827 2172 ipsos
849 2085 1007 2172 impedire
1030 2083 1296 2171 cogitaverimus,
1319 2104 1380 2148 nec
1402 2083 1520 2148 ballivi
1536 2082 1641 2150 vestri

580 2213 601 2253 a
623 2188 825 2254 scholaribus
848 2209 906 2253 seu
928 2187 1090 2251 ministris
1113 2191 1235 2252 nostrae
1260 2186 1501 2253 Universitetis
1519 2186 1640 2253 hunos·

581 2313 644 2377 quo
667 2291 801 2377 aliquod
838 2290 1012 2376 tallagium
1044 2289 1224 2376 exegerint,
1249 2293 1309 2354 aut
1339 2290 1472 2376 exigere
1505 2310 1641 2357 eonsue-

581 2393 692 2458 verint
704 2419 712 2472 ;
754 2414 813 2457 nec
855 2392 972 2456 ballivi
1010 2392 1121 2469 vestri,
1161 2396 1361 2478 congregata
1400 2390 1640 2472 Univereitate,

581 2497 676 2562 nobis
714 2496 888 2561 ostendere
927 2495 1148 2581 [po]tuerunt,
1187 2495 1223 2558 in
1262 2516 1327 2580 quo
1366 2494 1407 2560 de
1445 2494 1543 2561 nobis
1579 2500 1642 2562 aut

581 2599 783 2663 scholaribus
806 2597 927 2662 nostris
948 2598 1103 2682 conqueri
1121 2597 1163 2661 de
1187 2598 1273 2662 facto
1297 2603 1486 2683 potuerunt,
1501 2603 1642 2685 excepto

581 2702 678 2765 unico
721 2700 860 2764 scholari
900 2706 1059 2765 veterano
1094 2699 1249 2764 Johanne
1281 2701 1422 2778 Auvere,
1459 2701 1517 2785 qui
1559 2699 1641 2765 dum

577 2802 691 2888 junior
721 2808 793 2867 erat
816 2808 850 2867 et
881 2853 1040 2866 ......
1066 2822 1123 2866 cus
1147 2823 1183 2866 ac
1207 2808 1376 2880 mereator,
1402 2803 1491 2867 inter
1517 2807 1644 2868 eeteros

583 2905 624 2968 de
648 2924 760 2968 eorum
793 2904 929 2968 exstitit
959 2904 1119 2990 collegi03
1149 2905 1207 2968 sed
1238 2904 1334 2980 idem,
1359 2925 1463 2969 uxore
1497 2909 1641 2986 mortua,

583 3007 626 3071 ad
649 3006 774 3094 frugem
799 3005 942 3071 melioris
966 3006 1046 3071 vitae
1069 3027 1103 3069 se
1127 3001 1331 3085 convertens
1353 3028 1411 3094 per
1441 3011 1514 3072 octo
1536 3029 1643 3074 annos

584 3115 618 3172 ot
640 3159 800 3174 ......
821 3108 1038 3195 theologicam
1062 3108 1193 3173 audivit
1216 3108 1416 3187 fiscultatem,
1432 3111 1642 3197 interimque,

584 3211 815 3296 usquemodo,
839 3209 1013 3297 privilegio
1038 3210 1235 3275 scholarium
1259 3217 1309 3276 est
1332 3212 1473 3299 gavisus

417 3329 516 3379 nonos
630 3313 739 3392 Quare
761 3312 931 3397 majestati
954 3318 1072 3377 vestrm
1092 3312 1303 3379 devotissime
1325 3314 1547 3400 supplicamus
1561 3338 1644 3403 qua·

417 3395 498 3445 eredit
507 3395 572 3446 their

418 3468 570 3513 Momm
584 3419 681 3481 tenus
701 3416 858 3502 gra[tiam
874 3414 1129 3499 bene]volentiae
1145 3421 1273 3493 vestras,
1290 3437 1389 3500 quam
1413 3439 1542 3504 semper
1564 3440 1644 3506 erga

585 3538 644 3582 nos
680 3516 851 3593 habuistis
883 3517 911 3580 si
943 3516 1059 3603 placet,
1087 3518 1329 3594 continuantes,
1355 3517 1489 3584 ballivis
1513 3523 1644 3597 vestris,

586 3620 777 3704 inquorum
794 3623 957 3704 potestate
980 3623 1030 3683 est
1054 3618 1182 3685 firmam
1206 3625 1349 3684 vestram
1373 3621 1415 3684 ab
1439 3623 1553 3689 amieis
1574 3625 1644 3690 suis

586 3771 649 3786 ...
676 3773 706 3785 ..
732 3774 737 3785 .
762 3774 767 3783 .
794 3773 799 3784 .
825 3721 963 3806 exigere,
981 3727 1039 3785 aut
1055 3728 1205 3786 exactam
1221 3744 1340 3807 ponere
1368 3775 1641 3792 .........

587 3871 1029 3887 ...............
1049 3823 1173 3889 factum
1189 3831 1336 3890 nostrum
1353 3826 1388 3889 in
1403 3847 1470 3890 non
1485 3827 1644 3894 solvendo

586 3947 619 3987 se
646 3923 811 3988 voluerint
840 3946 1002 4000 excusare,
1029 3926 1108 4011 ipsis
1133 3926 1173 3990 de
1196 3933 1302 3993 cetero
1326 3950 1393 3992 non
1422 3928 1600 4006 eredentes,
1624 3954 1645 3995 a

587 4025 682 4090 nobis
705 4025 835 4091 devotis
851 4028 977 4103 vestris,
992 4029 1047 4112 qui
1072 4028 1133 4092 sub
1149 4029 1211 4092 alis
1226 4036 1367 4095 vestrae.
1393 4084 1397 4094 .
1423 4084 1428 4093 .
1604 4087 1610 4098 .
1637 4086 1643 4096 .

588 4178 902 4194 ...........
928 4130 1166 4215 indignationis
1182 4139 1310 4209 vestrae,
1326 4133 1354 4196 si
1369 4134 1483 4219 placet,
1499 4156 1646 4202 remove-

589 4230 654 4296 atis
678 4230 814 4303 aculeos,
848 4230 1075 4295 demandando
1103 4233 1234 4297 ballivis
1265 4236 1382 4299 vestris
1405 4237 1493 4320 quod
1516 4239 1580 4323 ipsi
1604 4239 1645 4306 de

587 4341 695 4397 cetero
726 4380 955 4396 ........
983 4333 1038 4397 iios
1061 4339 1122 4399 aut
1144 4336 1253 4399 minus
1277 4385 1643 4407 ............

588 4487 933 4499 ............
960 4435 988 4497 is
1018 4437 1248 4502 exactionibus
1280 4461 1346 4504 non
1377 4449 1561 4526 aggravent
1590 4446 1644 4510 vel

586 4538 768 4602 molestent.
816 4536 861 4601 Et
892 4544 931 4602 ut
954 4537 1022 4603 haeo
1044 4540 1155 4603 omnia
1178 4542 1281 4627 magis
1304 4541 1340 4605 in
1371 4542 1441 4608 luce
1464 4544 1645 4613 clarescant

587 4689 1071 4704 ................
1102 4641 1341 4708 Universitatis
1365 4647 1517 4734 noso—[a]
1542 4699 1549 4715 .
1574 4703 1579 4713 .
1605 4701 1612 4712 .
1637 4704 1642 4714 .

587 4791 1022 4806 ...............
1049 4748 1053 4804 '.
1080 4797 1084 4806 .
1112 4799 1115 4807 i
1143 4799 1146 4808 .
1174 4797 1178 4808 .
1219 4745 1374 4811 duximus
1402 4752 1641 4837 apponendum.

588 4842 707 4908 Valeat
732 4844 891 4909 serenitas
915 4850 1023 4909 vestra
1048 4867 1106 4931 per
1130 4852 1277 4933 tempora
1301 4850 1455 4938 longiora
