<?xml version="1.0" encoding="UTF-8"?>
<!DOCTYPE html PUBLIC "-//W3C//DTD XHTML 1.0 Transitional//EN"
    "http://www.w3.org/TR/xhtml1/DTD/xhtml1-transitional.dtd">
<html xmlns="http://www.w3.org/1999/xhtml" xml:lang="en" lang="en">
 <head>
  <title>
</title>
<meta http-equiv="Content-Type" content="text/html;charset=utf-8" />
  <meta name='ocr-system' content='tesseract 3.04.00' />
  <meta name='ocr-capabilities' content='ocr_page ocr_carea ocr_par ocr_line ocrx_word'/>
</head>
<body>
  <div class='ocr_page' id='page_1' title='image "./royalandotherhi00henrgoog_0128.png"; bbox 0 0 4350 6442; ppageno 0'>
   <div class='ocr_carea' id='block_1_1' title="bbox 584 1071 1487 1133">
    <p class='ocr_par' dir='ltr' id='par_1_1' title="bbox 584 1071 1487 1133">
     <span class='ocr_line' id='line_1_1' title="bbox 584 1071 1487 1133; baseline 0.002 -4"><span class='ocrx_word' id='word_1_1' title='bbox 584 1071 627 1131; x_wconf 76' lang='grc'>56</span> <span class='ocrx_word' id='word_1_2' title='bbox 730 1082 843 1130; x_wconf 71' lang='lat' dir='ltr'>nosen</span> <span class='ocrx_word' id='word_1_3' title='bbox 864 1081 939 1130; x_wconf 70' lang='lat' dir='ltr'>Asu</span> <span class='ocrx_word' id='word_1_4' title='bbox 961 1081 1076 1132; x_wconf 70' lang='lat' dir='ltr'>osum</span> <span class='ocrx_word' id='word_1_5' title='bbox 1099 1081 1310 1133; x_wconf 71' lang='lat' dir='ltr'>sissomcn.</span> <span class='ocrx_word' id='word_1_6' title='bbox 1332 1082 1487 1131; x_wconf 68' lang='lat' dir='ltr'>Lunum</span> 
     </span>
    </p>
   </div>
   <div class='ocr_carea' id='block_1_2' title="bbox 1008 1353 1209 1422">
    <p class='ocr_par' dir='ltr' id='par_1_2' title="bbox 1008 1353 1209 1422">
     <span class='ocr_line' id='line_1_2' title="bbox 1008 1353 1209 1422; baseline -0.03 0"><span class='ocrx_word' id='word_1_7' title='bbox 1008 1353 1209 1422; x_wconf 71' lang='lat' dir='ltr'>CCCCLIK</span> 
     </span>
    </p>
   </div>
   <div class='ocr_carea' id='block_1_3' title="bbox 805 1488 1410 1688">
    <p class='ocr_par' dir='ltr' id='par_1_3' title="bbox 805 1488 1410 1688">
     <span class='ocr_line' id='line_1_3' title="bbox 805 1488 1410 1556; baseline 0 0"><span class='ocrx_word' id='word_1_8' title='bbox 805 1491 935 1556; x_wconf 75' lang='lat' dir='ltr'>Hnunr</span> <span class='ocrx_word' id='word_1_9' title='bbox 957 1488 1025 1556; x_wconf 94' lang='grc' dir='ltr'><strong>ΙΙΙ.</strong></span> <span class='ocrx_word' id='word_1_10' title='bbox 1049 1505 1093 1554; x_wconf 84' lang='lat' dir='ltr'>ro</span> <span class='ocrx_word' id='word_1_11' title='bbox 1117 1490 1257 1555; x_wconf 77' lang='lat' dir='ltr'>Roseus</span> <span class='ocrx_word' id='word_1_12' title='bbox 1279 1491 1410 1556; x_wconf 77' lang='lat' dir='ltr'>Dscsr.</span> 
     </span>
     <span class='ocr_line' id='line_1_4' title="bbox 858 1622 1351 1688; baseline -0.002 -13"><span class='ocrx_word' id='word_1_13' title='bbox 858 1625 930 1688; x_wconf 76' lang='lat' dir='ltr'>(sot.</span> <span class='ocrx_word' id='word_1_14' title='bbox 942 1623 998 1674; x_wconf 74' lang='lat' dir='ltr'>Pet.</span> <span class='ocrx_word' id='word_1_15' title='bbox 1011 1629 1044 1673; x_wconf 80' lang='grc'>34</span> <span class='ocrx_word' id='word_1_16' title='bbox 1058 1623 1126 1675; x_wconf 81' lang='lat' dir='ltr'>Heu.</span> <span class='ocrx_word' id='word_1_17' title='bbox 1138 1622 1300 1683; x_wconf 83' lang='lat' dir='ltr'>III.,me1nb.</span> <span class='ocrx_word' id='word_1_18' title='bbox 1312 1626 1351 1687; x_wconf 84' lang='grc'>8.)</span> 
     </span>
    </p>
   </div>
   <div class='ocr_carea' id='block_1_4' title="bbox 415 1735 1641 1929">
    <p class='ocr_par' dir='ltr' id='par_1_4' title="bbox 415 1735 1641 1929">
     <span class='ocr_line' id='line_1_5' title="bbox 415 1735 1243 1813; baseline 0.005 -16"><span class='ocrx_word' id='word_1_19' title='bbox 415 1747 531 1807; x_wconf 77' lang='lat' dir='ltr'>neers,</span> <span class='ocrx_word' id='word_1_20' title='bbox 630 1739 702 1803; x_wconf 82' lang='lat' dir='ltr'>Rex</span> <span class='ocrx_word' id='word_1_21' title='bbox 726 1737 870 1802; x_wconf 84' lang='lat' dir='ltr'>Roberto</span> <span class='ocrx_word' id='word_1_22' title='bbox 893 1737 934 1801; x_wconf 91' lang='lat' dir='ltr'>de</span> <span class='ocrx_word' id='word_1_23' title='bbox 958 1735 1070 1813; x_wconf 80' lang='lat' dir='ltr'>Daore,</span> <span class='ocrx_word' id='word_1_24' title='bbox 1093 1736 1243 1802; x_wconf 78' lang='lat' dir='ltr'>sulutem.</span> 
     </span>
     <span class='ocr_line' id='line_1_6' title="bbox 417 1819 1641 1929; baseline 0.002 -27"><span class='ocrx_word' id='word_1_25' title='bbox 417 1819 490 1863; x_wconf 77' lang='lat'><strong>¹²⁴⁹·</strong></span> <span class='ocrx_word' id='word_1_26' title='bbox 630 1839 828 1904; x_wconf 79' lang='lat' dir='ltr'>Mandnmus</span> <span class='ocrx_word' id='word_1_27' title='bbox 876 1838 971 1904; x_wconf 88' lang='lat' dir='ltr'>vobis</span> <span class='ocrx_word' id='word_1_28' title='bbox 1009 1838 1097 1929; x_wconf 67' lang='lat' dir='ltr'>quoii</span> <span class='ocrx_word' id='word_1_29' title='bbox 1135 1839 1176 1905; x_wconf 89' lang='lat' dir='ltr'>de</span> <span class='ocrx_word' id='word_1_30' title='bbox 1213 1837 1329 1925; x_wconf 90' lang='lat' dir='ltr'>primis</span> <span class='ocrx_word' id='word_1_31' title='bbox 1366 1839 1510 1904; x_wconf 84' lang='lat' dir='ltr'>denariis</span> <span class='ocrx_word' id='word_1_32' title='bbox 1554 1860 1641 1927; x_wconf 86' lang='lat' dir='ltr'>quos</span> 
     </span>
    </p>
   </div>
   <div class='ocr_carea' id='block_1_5' title="bbox 415 1895 1641 2029">
    <p class='ocr_par' dir='ltr' id='par_1_5' title="bbox 415 1895 1641 2029">
     <span class='ocr_line' id='line_1_7' title="bbox 415 1895 1641 2029; baseline -0.003 -18"><span class='ocrx_word' id='word_1_33' title='bbox 415 1895 744 2029; x_wconf 50' lang='lat' dir='ltr'>ffiiffiorrecepturi</span> <span class='ocrx_word' id='word_1_34' title='bbox 778 1941 857 2007; x_wconf 88' lang='lat' dir='ltr'>ostis</span> <span class='ocrx_word' id='word_1_35' title='bbox 891 1941 931 2006; x_wconf 89' lang='lat' dir='ltr'>de</span> <span class='ocrx_word' id='word_1_36' title='bbox 965 1940 1158 2006; x_wconf 82' lang='lat' dir='ltr'>venditione</span> <span class='ocrx_word' id='word_1_37' title='bbox 1191 1940 1346 2006; x_wconf 78' lang='lat' dir='ltr'>vinorum</span> <span class='ocrx_word' id='word_1_38' title='bbox 1368 1947 1557 2006; x_wconf 83' lang='lat' dir='ltr'>nostrorum</span> <span class='ocrx_word' id='word_1_39' title='bbox 1579 1963 1641 2029; x_wconf 85' lang='lat' dir='ltr'>per</span> 
     </span>
    </p>
   </div>
   <div class='ocr_carea' id='block_1_6' title="bbox 414 2027 1702 2536">
    <p class='ocr_par' dir='ltr' id='par_1_6' title="bbox 414 2027 1702 2143">
     <span class='ocr_line' id='line_1_8' title="bbox 414 2027 1702 2143; baseline 0.002 -34"><span class='ocrx_word' id='word_1_40' title='bbox 414 2027 561 2143; x_wconf 52' lang='lat' dir='ltr'>{ffrffigf</span> <span class='ocrx_word' id='word_1_41' title='bbox 584 2044 741 2132; x_wconf 82' lang='lat' dir='ltr'>Angliem</span> <span class='ocrx_word' id='word_1_42' title='bbox 764 2044 883 2108; x_wconf 83' lang='lat' dir='ltr'>habere</span> <span class='ocrx_word' id='word_1_43' title='bbox 897 2041 1026 2108; x_wconf 82' lang='lat' dir='ltr'>faciatis</span> <span class='ocrx_word' id='word_1_44' title='bbox 1042 2042 1186 2108; x_wconf 84' lang='lat' dir='ltr'>Radulfo</span> <span class='ocrx_word' id='word_1_45' title='bbox 1209 2043 1250 2109; x_wconf 90' lang='lat' dir='ltr'>de</span> <span class='ocrx_word' id='word_1_46' title='bbox 1265 2040 1439 2130; x_wconf 78' lang='lat' dir='ltr'>Heren&#39;ng</span> <span class='ocrx_word' id='word_1_47' title='bbox 1460 2044 1640 2111; x_wconf 72' lang='lat' dir='ltr'><strong>senescallo</strong></span> <span class='ocrx_word' id='word_1_48' title='bbox 1695 2046 1702 2057; x_wconf 87' lang='lat'>&#39;</span> 
     </span>
    </p>

    <p class='ocr_par' dir='ltr' id='par_1_7' title="bbox 417 2144 1637 2225">
     <span class='ocr_line' id='line_1_9' title="bbox 417 2144 1637 2225; baseline 0.002 -17"><span class='ocrx_word' id='word_1_49' title='bbox 417 2159 511 2210; x_wconf 79' lang='lat' dir='ltr'>forme</span> <span class='ocrx_word' id='word_1_50' title='bbox 522 2162 572 2211; x_wconf 88' lang='lat' dir='ltr'>sor·</span> <span class='ocrx_word' id='word_1_51' title='bbox 583 2147 728 2212; x_wconf 87' lang='lat' dir='ltr'>Simonis</span> <span class='ocrx_word' id='word_1_52' title='bbox 757 2145 797 2211; x_wconf 92' lang='lat' dir='ltr'>de</span> <span class='ocrx_word' id='word_1_53' title='bbox 829 2145 944 2210; x_wconf 83' lang='lat' dir='ltr'>Monte</span> <span class='ocrx_word' id='word_1_54' title='bbox 967 2145 1069 2222; x_wconf 84' lang='lat' dir='ltr'>Forti,</span> <span class='ocrx_word' id='word_1_55' title='bbox 1100 2144 1230 2210; x_wconf 80' lang='lat' dir='ltr'>comitis</span> <span class='ocrx_word' id='word_1_56' title='bbox 1270 2144 1466 2225; x_wconf 77' lang='lat' dir='ltr'>Leioestriae,</span> <span class='ocrx_word' id='word_1_57' title='bbox 1501 2150 1637 2211; x_wconf 84' lang='lat' dir='ltr'>eentum</span> 
     </span>
    </p>

    <p class='ocr_par' dir='ltr' id='par_1_8' title="bbox 415 2225 1637 2536">
     <span class='ocr_line' id='line_1_10' title="bbox 415 2225 1637 2361; baseline 0.001 -49"><span class='ocrx_word' id='word_1_58' title='bbox 415 2225 569 2361; x_wconf 52' lang='lat' dir='ltr'>{ffiffiy</span> <span class='ocrx_word' id='word_1_59' title='bbox 582 2249 691 2323; x_wconf 83' lang='lat' dir='ltr'>libras,</span> <span class='ocrx_word' id='word_1_60' title='bbox 715 2246 909 2312; x_wconf 85' lang='lat' dir='ltr'>deferendas</span> <span class='ocrx_word' id='word_1_61' title='bbox 943 2247 1103 2333; x_wconf 69' lang='lat' dir='ltr'>praedicto</span> <span class='ocrx_word' id='word_1_62' title='bbox 1135 2246 1249 2312; x_wconf 87' lang='lat' dir='ltr'>comiti</span> <span class='ocrx_word' id='word_1_63' title='bbox 1284 2246 1320 2310; x_wconf 93' lang='lat' dir='ltr'>in</span> <span class='ocrx_word' id='word_1_64' title='bbox 1352 2246 1570 2325; x_wconf 80' lang='lat' dir='ltr'>Wnsooniem,</span> <span class='ocrx_word' id='word_1_65' title='bbox 1592 2247 1637 2313; x_wconf 79' lang='lat' dir='ltr'>sd</span> 
     </span>
     <span class='ocr_line' id='line_1_11' title="bbox 581 2347 1637 2416; baseline 0.001 -1"><span class='ocrx_word' id='word_1_66' title='bbox 581 2351 781 2415; x_wconf 82' lang='lat' dir='ltr'>sirmundum</span> <span class='ocrx_word' id='word_1_67' title='bbox 811 2349 888 2413; x_wconf 88' lang='lat' dir='ltr'>inde</span> <span class='ocrx_word' id='word_1_68' title='bbox 920 2354 1043 2413; x_wconf 83' lang='lat' dir='ltr'>terram</span> <span class='ocrx_word' id='word_1_69' title='bbox 1067 2347 1250 2414; x_wconf 81' lang='lat' dir='ltr'>Wuseoniae</span> <span class='ocrx_word' id='word_1_70' title='bbox 1278 2347 1378 2413; x_wconf 83' lang='lat' dir='ltr'>etad</span> <span class='ocrx_word' id='word_1_71' title='bbox 1400 2347 1577 2415; x_wconf 76' lang='lat' dir='ltr'><strong>tuitionem</strong></span> <span class='ocrx_word' id='word_1_72' title='bbox 1600 2355 1637 2416; x_wconf 84' lang='lat' dir='ltr'>et</span> 
     </span>
     <span class='ocr_line' id='line_1_12' title="bbox 582 2449 1636 2536; baseline 0 -18"><span class='ocrx_word' id='word_1_73' title='bbox 582 2453 804 2519; x_wconf 78' lang='lat' dir='ltr'>defensionem</span> <span class='ocrx_word' id='word_1_74' title='bbox 843 2451 986 2536; x_wconf 86' lang='lat' dir='ltr'>ejusdem</span> <span class='ocrx_word' id='word_1_75' title='bbox 1031 2454 1135 2516; x_wconf 80' lang='lat' dir='ltr'>teme.</span> <span class='ocrx_word' id='word_1_76' title='bbox 1198 2450 1240 2515; x_wconf 91' lang='lat' dir='ltr'>ln</span> <span class='ocrx_word' id='word_1_77' title='bbox 1278 2449 1379 2534; x_wconf 86' lang='lat' dir='ltr'>cujus,</span> <span class='ocrx_word' id='word_1_78' title='bbox 1416 2455 1475 2515; x_wconf 75' lang='lat' dir='ltr'>eto</span> <span class='ocrx_word' id='word_1_79' title='bbox 1536 2450 1636 2519; x_wconf 82' lang='lat' dir='ltr'>Teste</span> 
     </span>
    </p>
   </div>
   <div class='ocr_carea' id='block_1_7' title="bbox 581 2551 1634 2643">
    <p class='ocr_par' dir='ltr' id='par_1_9' title="bbox 581 2551 1634 2643">
     <span class='ocr_line' id='line_1_13' title="bbox 581 2551 1634 2643; baseline -0.002 -22"><span class='ocrx_word' id='word_1_80' title='bbox 581 2578 657 2643; x_wconf 83' lang='lat' dir='ltr'>rege</span> <span class='ocrx_word' id='word_1_81' title='bbox 678 2554 767 2642; x_wconf 80' lang='lat' dir='ltr'>apud</span> <span class='ocrx_word' id='word_1_82' title='bbox 783 2554 996 2631; x_wconf 81' lang='lat' dir='ltr'>Wintoniam,</span> <span class='ocrx_word' id='word_1_83' title='bbox 1012 2553 1170 2618; x_wconf 82' lang='lat' dir='ltr'>vicesimo</span> <span class='ocrx_word' id='word_1_84' title='bbox 1192 2554 1332 2639; x_wconf 87' lang='lat' dir='ltr'>septimo</span> <span class='ocrx_word' id='word_1_85' title='bbox 1353 2552 1407 2617; x_wconf 88' lang='lat' dir='ltr'>die</span> <span class='ocrx_word' id='word_1_86' title='bbox 1423 2551 1634 2619; x_wconf 84' lang='lat' dir='ltr'>Deoembris¹</span> 
     </span>
    </p>
   </div>
   <div class='ocr_carea' id='block_1_8' title="bbox 574 2920 1682 4499">
    <p class='ocr_par' dir='ltr' id='par_1_10' title="bbox 655 2920 1559 3354">
     <span class='ocr_line' id='line_1_14' title="bbox 1016 2920 1197 2987; baseline -0.022 0"><span class='ocrx_word' id='word_1_87' title='bbox 1016 2920 1197 2987; x_wconf 77' lang='lat' dir='ltr'><strong>CCCCLX.</strong></span> 
     </span>
     <span class='ocr_line' id='line_1_15' title="bbox 655 3055 1559 3136; baseline 0 -14"><span class='ocrx_word' id='word_1_88' title='bbox 655 3058 784 3123; x_wconf 72' lang='lat' dir='ltr'>Heme</span> <span class='ocrx_word' id='word_1_89' title='bbox 808 3056 872 3123; x_wconf 93' lang='grc' dir='ltr'><strong>ΙΙΙ.</strong></span> <span class='ocrx_word' id='word_1_90' title='bbox 896 3073 936 3121; x_wconf 74' lang='lat' dir='ltr'>&#39;ro</span> <span class='ocrx_word' id='word_1_91' title='bbox 959 3056 1073 3131; x_wconf 74' lang='lat' dir='ltr'>Suros</span> <span class='ocrx_word' id='word_1_92' title='bbox 1097 3072 1143 3118; x_wconf 87' lang='lat' dir='ltr'>nn</span> <span class='ocrx_word' id='word_1_93' title='bbox 1167 3055 1369 3136; x_wconf 72' lang='lat' dir='ltr'>ilourrour,</span> <span class='ocrx_word' id='word_1_94' title='bbox 1393 3055 1491 3120; x_wconf 76' lang='lat' dir='ltr'>Eius</span> <span class='ocrx_word' id='word_1_95' title='bbox 1513 3074 1559 3122; x_wconf 85' lang='lat' dir='ltr'>or</span> 
     </span>
     <span class='ocr_line' id='line_1_16' title="bbox 1006 3158 1205 3222; baseline 0.005 -1"><span class='ocrx_word' id='word_1_96' title='bbox 1006 3158 1205 3222; x_wconf 74' lang='lat' dir='ltr'>Len-mres</span> 
     </span>
     <span class='ocr_line' id='line_1_17' title="bbox 866 3289 1349 3354; baseline -0.004 -13"><span class='ocrx_word' id='word_1_97' title='bbox 866 3292 936 3354; x_wconf 79' lang='lat' dir='ltr'>(ltot</span> <span class='ocrx_word' id='word_1_98' title='bbox 949 3291 1002 3340; x_wconf 84' lang='lat' dir='ltr'>l‘nt</span> <span class='ocrx_word' id='word_1_99' title='bbox 1016 3295 1048 3339; x_wconf 74' lang='lat'>34</span> <span class='ocrx_word' id='word_1_100' title='bbox 1060 3291 1124 3341; x_wconf 83' lang='lat' dir='ltr'>lien</span> <span class='ocrx_word' id='word_1_101' title='bbox 1138 3289 1196 3347; x_wconf 82' lang='grc' dir='ltr'>ΠΙ.,</span> <span class='ocrx_word' id='word_1_102' title='bbox 1207 3291 1298 3340; x_wconf 88' lang='lat' dir='ltr'>memb.</span> <span class='ocrx_word' id='word_1_103' title='bbox 1312 3294 1349 3353; x_wconf 73' lang='lat'>8.)</span> 
     </span>
    </p>

    <p class='ocr_par' dir='ltr' id='par_1_11' title="bbox 579 3392 1633 3571">
     <span class='ocr_line' id='line_1_18' title="bbox 626 3392 1633 3473; baseline -0.001 -12"><span class='ocrx_word' id='word_1_104' title='bbox 626 3396 699 3461; x_wconf 82' lang='lat' dir='ltr'>Rex</span> <span class='ocrx_word' id='word_1_105' title='bbox 730 3394 849 3461; x_wconf 82' lang='lat' dir='ltr'>dilecto</span> <span class='ocrx_word' id='word_1_106' title='bbox 880 3400 914 3459; x_wconf 84' lang='lat' dir='ltr'>et</span> <span class='ocrx_word' id='word_1_107' title='bbox 945 3394 1034 3458; x_wconf 83' lang='lat' dir='ltr'>fideli</span> <span class='ocrx_word' id='word_1_108' title='bbox 1064 3414 1125 3457; x_wconf 90' lang='lat' dir='ltr'>suo</span> <span class='ocrx_word' id='word_1_109' title='bbox 1156 3392 1284 3458; x_wconf 85' lang='lat' dir='ltr'>Simoni</span> <span class='ocrx_word' id='word_1_110' title='bbox 1311 3393 1352 3458; x_wconf 85' lang='lat' dir='ltr'>de</span> <span class='ocrx_word' id='word_1_111' title='bbox 1385 3393 1502 3460; x_wconf 86' lang='lat' dir='ltr'>Monte</span> <span class='ocrx_word' id='word_1_112' title='bbox 1527 3394 1633 3473; x_wconf 81' lang='lat' dir='ltr'>Furti,</span> 
     </span>
     <span class='ocr_line' id='line_1_19' title="bbox 579 3496 1080 3571; baseline -0.006 -9"><span class='ocrx_word' id='word_1_113' title='bbox 579 3497 692 3562; x_wconf 88' lang='lat' dir='ltr'>comiti</span> <span class='ocrx_word' id='word_1_114' title='bbox 716 3497 909 3571; x_wconf 77' lang='lat' dir='ltr'>leicestrin·‚</span> <span class='ocrx_word' id='word_1_115' title='bbox 933 3496 1080 3559; x_wconf 84' lang='lat' dir='ltr'>sulutem.</span> 
     </span>
    </p>

    <p class='ocr_par' dir='ltr' id='par_1_12' title="bbox 574 3595 1682 4499">
     <span class='ocr_line' id='line_1_20' title="bbox 624 3595 1633 3682; baseline 0.001 -20"><span class='ocrx_word' id='word_1_116' title='bbox 624 3599 743 3663; x_wconf 76' lang='lat' dir='ltr'>Sciatis</span> <span class='ocrx_word' id='word_1_117' title='bbox 766 3598 854 3682; x_wconf 84' lang='lat' dir='ltr'>quod</span> <span class='ocrx_word' id='word_1_118' title='bbox 878 3597 1044 3660; x_wconf 77' lang='lat' dir='ltr'>Auialdus</span> <span class='ocrx_word' id='word_1_119' title='bbox 1068 3596 1169 3682; x_wconf 78' lang='lat' dir='ltr'>Segin</span> <span class='ocrx_word' id='word_1_120' title='bbox 1193 3595 1233 3660; x_wconf 87' lang='lat' dir='ltr'>de</span> <span class='ocrx_word' id='word_1_121' title='bbox 1257 3596 1365 3660; x_wconf 77' lang='lat' dir='ltr'>Hasta</span> <span class='ocrx_word' id='word_1_122' title='bbox 1387 3598 1482 3661; x_wconf 86' lang='lat' dir='ltr'>venit</span> <span class='ocrx_word' id='word_1_123' title='bbox 1504 3597 1547 3661; x_wconf 83' lang='lat' dir='ltr'>ad</span> <span class='ocrx_word' id='word_1_124' title='bbox 1572 3619 1633 3663; x_wconf 82' lang='lat' dir='ltr'>nos</span> 
     </span>
     <span class='ocr_line' id='line_1_21' title="bbox 578 3697 1633 3785; baseline 0.001 -21"><span class='ocrx_word' id='word_1_125' title='bbox 578 3700 630 3765; x_wconf 83' lang='lat' dir='ltr'>dio</span> <span class='ocrx_word' id='word_1_126' title='bbox 654 3698 687 3762; x_wconf 77' lang='lat' dir='ltr'>S.</span> <span class='ocrx_word' id='word_1_127' title='bbox 714 3699 823 3763; x_wconf 79' lang='lat' dir='ltr'>Lueim</span> <span class='ocrx_word' id='word_1_128' title='bbox 846 3699 984 3784; x_wconf 78' lang='lat' dir='ltr'>virginis</span> <span class='ocrx_word' id='word_1_129' title='bbox 1007 3699 1096 3784; x_wconf 75' lang='lat' dir='ltr'>apud</span> <span class='ocrx_word' id='word_1_130' title='bbox 1113 3697 1307 3778; x_wconf 80' lang='lat' dir='ltr'>Clarendon,</span> <span class='ocrx_word' id='word_1_131' title='bbox 1324 3698 1495 3764; x_wconf 87' lang='lat' dir='ltr'>humiliter</span> <span class='ocrx_word' id='word_1_132' title='bbox 1517 3705 1633 3785; x_wconf 78' lang='lat' dir='ltr'>petens</span> 
     </span>
     <span class='ocr_line' id='line_1_22' title="bbox 577 3801 1631 3887; baseline 0.001 -21"><span class='ocrx_word' id='word_1_133' title='bbox 577 3802 708 3867; x_wconf 78' lang='lat' dir='ltr'>veniam</span> <span class='ocrx_word' id='word_1_134' title='bbox 744 3801 785 3865; x_wconf 88' lang='lat' dir='ltr'>de</span> <span class='ocrx_word' id='word_1_135' title='bbox 816 3822 855 3865; x_wconf 85' lang='lat' dir='ltr'>eo</span> <span class='ocrx_word' id='word_1_136' title='bbox 890 3801 978 3886; x_wconf 82' lang='lat' dir='ltr'>quod</span> <span class='ocrx_word' id='word_1_137' title='bbox 1011 3802 1122 3865; x_wconf 83' lang='lat' dir='ltr'>astitit</span> <span class='ocrx_word' id='word_1_138' title='bbox 1144 3801 1283 3865; x_wconf 77' lang='lat' dir='ltr'>Gustoni</span> <span class='ocrx_word' id='word_1_139' title='bbox 1317 3801 1357 3865; x_wconf 89' lang='lat' dir='ltr'>de</span> <span class='ocrx_word' id='word_1_140' title='bbox 1381 3801 1494 3887; x_wconf 75' lang='lat' dir='ltr'>Bynm</span> <span class='ocrx_word' id='word_1_141' title='bbox 1517 3802 1631 3867; x_wconf 80' lang='lat' dir='ltr'>favore</span> 
     </span>
     <span class='ocr_line' id='line_1_23' title="bbox 577 3902 1629 3987; baseline 0 -19"><span class='ocrx_word' id='word_1_142' title='bbox 577 3911 612 3968; x_wconf 85' lang='lat' dir='ltr'>ot</span> <span class='ocrx_word' id='word_1_143' title='bbox 657 3902 791 3978; x_wconf 86' lang='lat' dir='ltr'>auxilio,</span> <span class='ocrx_word' id='word_1_144' title='bbox 830 3903 865 3966; x_wconf 90' lang='lat' dir='ltr'>in</span> <span class='ocrx_word' id='word_1_145' title='bbox 902 3924 1021 3987; x_wconf 77' lang='lat' dir='ltr'>guerra</span> <span class='ocrx_word' id='word_1_146' title='bbox 1064 3908 1156 3966; x_wconf 80' lang='lat' dir='ltr'>moto</span> <span class='ocrx_word' id='word_1_147' title='bbox 1193 3903 1282 3966; x_wconf 87' lang='lat' dir='ltr'>inter</span> <span class='ocrx_word' id='word_1_148' title='bbox 1319 3924 1379 3966; x_wconf 89' lang='lat' dir='ltr'>nos</span> <span class='ocrx_word' id='word_1_149' title='bbox 1417 3909 1452 3968; x_wconf 86' lang='lat' dir='ltr'>et</span> <span class='ocrx_word' id='word_1_150' title='bbox 1488 3903 1629 3969; x_wconf 89' lang='lat' dir='ltr'>eundem</span> 
     </span>
     <span class='ocr_line' id='line_1_24' title="bbox 577 4002 1629 4089; baseline -0.001 -18"><span class='ocrx_word' id='word_1_151' title='bbox 577 4008 780 4083; x_wconf 82' lang='lat' dir='ltr'>Gustonem3</span> <span class='ocrx_word' id='word_1_152' title='bbox 810 4010 845 4069; x_wconf 82' lang='lat' dir='ltr'>et</span> <span class='ocrx_word' id='word_1_153' title='bbox 876 4003 963 4089; x_wconf 79' lang='lat' dir='ltr'>quod</span> <span class='ocrx_word' id='word_1_154' title='bbox 994 4023 1053 4066; x_wconf 89' lang='lat' dir='ltr'>nos</span> <span class='ocrx_word' id='word_1_155' title='bbox 1077 4002 1257 4088; x_wconf 82' lang='lat' dir='ltr'>recepimus</span> <span class='ocrx_word' id='word_1_156' title='bbox 1279 4004 1420 4068; x_wconf 85' lang='lat' dir='ltr'>eundem</span> <span class='ocrx_word' id='word_1_157' title='bbox 1443 4004 1629 4071; x_wconf 83' lang='lat' dir='ltr'>Amalduui</span> 
     </span>
     <span class='ocr_line' id='line_1_25' title="bbox 576 4103 1629 4193; baseline 0.003 -23"><span class='ocrx_word' id='word_1_158' title='bbox 576 4108 612 4171; x_wconf 85' lang='lat' dir='ltr'>in</span> <span class='ocrx_word' id='word_1_159' title='bbox 634 4107 776 4193; x_wconf 74' lang='lat' dir='ltr'>gratiam</span> <span class='ocrx_word' id='word_1_160' title='bbox 800 4111 956 4179; x_wconf 73' lang='lat' dir='ltr'>nostium,</span> <span class='ocrx_word' id='word_1_161' title='bbox 972 4109 1006 4167; x_wconf 87' lang='lat' dir='ltr'>et</span> <span class='ocrx_word' id='word_1_162' title='bbox 1029 4103 1214 4167; x_wconf 82' lang='lat' dir='ltr'>remisimus</span> <span class='ocrx_word' id='word_1_163' title='bbox 1238 4103 1343 4169; x_wconf 85' lang='lat' dir='ltr'>eidem</span> <span class='ocrx_word' id='word_1_164' title='bbox 1367 4105 1629 4192; x_wconf 77' lang='lat' dir='ltr'>indignationem</span> 
     </span>
     <span class='ocr_line' id='line_1_26' title="bbox 576 4200 1682 4291; baseline 0.003 -18"><span class='ocrx_word' id='word_1_165' title='bbox 576 4209 679 4274; x_wconf 80' lang='lat' dir='ltr'>enimi</span> <span class='ocrx_word' id='word_1_166' title='bbox 711 4208 824 4272; x_wconf 88' lang='lat' dir='ltr'>nostri.</span> <span class='ocrx_word' id='word_1_167' title='bbox 872 4207 917 4270; x_wconf 84' lang='lat' dir='ltr'>Et</span> <span class='ocrx_word' id='word_1_168' title='bbox 948 4206 1033 4269; x_wconf 85' lang='lat' dir='ltr'>idem</span> <span class='ocrx_word' id='word_1_169' title='bbox 1058 4205 1224 4269; x_wconf 81' lang='lat' dir='ltr'>Arnuldus</span> <span class='ocrx_word' id='word_1_170' title='bbox 1242 4206 1379 4291; x_wconf 81' lang='lat' dir='ltr'>jurarit,</span> <span class='ocrx_word' id='word_1_171' title='bbox 1403 4209 1501 4273; x_wconf 78' lang='lat' dir='ltr'>tactis</span> <span class='ocrx_word' id='word_1_172' title='bbox 1523 4232 1630 4276; x_wconf 78' lang='lat' dir='ltr'>suoru·</span> <span class='ocrx_word' id='word_1_173' title='bbox 1679 4200 1682 4205; x_wconf 35' lang='lat'>⁵</span> 
     </span>
     <span class='ocr_line' id='line_1_27' title="bbox 575 4307 1630 4396; baseline 0.001 -20"><span class='ocrx_word' id='word_1_174' title='bbox 575 4311 698 4376; x_wconf 76' lang='lat' dir='ltr'>mne-tis</span> <span class='ocrx_word' id='word_1_175' title='bbox 730 4307 916 4394; x_wconf 81' lang='lat' dir='ltr'>evangeliis,</span> <span class='ocrx_word' id='word_1_176' title='bbox 940 4307 1028 4394; x_wconf 87' lang='lat' dir='ltr'>quod</span> <span class='ocrx_word' id='word_1_177' title='bbox 1051 4328 1221 4391; x_wconf 88' lang='lat' dir='ltr'>nunquam</span> <span class='ocrx_word' id='word_1_178' title='bbox 1252 4330 1309 4393; x_wconf 85' lang='lat' dir='ltr'>per</span> <span class='ocrx_word' id='word_1_179' title='bbox 1335 4330 1369 4373; x_wconf 89' lang='lat' dir='ltr'>se</span> <span class='ocrx_word' id='word_1_180' title='bbox 1392 4310 1445 4374; x_wconf 78' lang='lat' dir='ltr'>rel</span> <span class='ocrx_word' id='word_1_181' title='bbox 1468 4333 1527 4396; x_wconf 86' lang='lat' dir='ltr'>per</span> <span class='ocrx_word' id='word_1_182' title='bbox 1548 4310 1630 4377; x_wconf 79' lang='lat' dir='ltr'>alios</span> 
     </span>
     <span class='ocr_line' id='line_1_28' title="bbox 574 4409 1628 4499; baseline 0.002 -22"><span class='ocrx_word' id='word_1_183' title='bbox 574 4434 727 4499; x_wconf 82' lang='lat' dir='ltr'>guerram</span> <span class='ocrx_word' id='word_1_184' title='bbox 765 4410 911 4475; x_wconf 84' lang='lat' dir='ltr'>movebit</span> <span class='ocrx_word' id='word_1_185' title='bbox 945 4418 1060 4473; x_wconf 76' lang='lat' dir='ltr'>contin</span> <span class='ocrx_word' id='word_1_186' title='bbox 1095 4431 1154 4473; x_wconf 87' lang='lat' dir='ltr'>nos</span> <span class='ocrx_word' id='word_1_187' title='bbox 1188 4409 1241 4474; x_wconf 82' lang='lat' dir='ltr'>vel</span> <span class='ocrx_word' id='word_1_188' title='bbox 1276 4415 1391 4474; x_wconf 82' lang='lat' dir='ltr'>eontra</span> <span class='ocrx_word' id='word_1_189' title='bbox 1422 4411 1628 4479; x_wconf 72' lang='lat' dir='ltr'>Edu’srdum</span> 
     </span>
    </p>
   </div>
   <div class='ocr_carea' id='block_1_9' title="bbox 574 4512 1629 4702">
    <p class='ocr_par' dir='ltr' id='par_1_13' title="bbox 574 4512 1629 4702">
     <span class='ocr_line' id='line_1_29' title="bbox 575 4512 1629 4598; baseline 0.003 -19"><span class='ocrx_word' id='word_1_190' title='bbox 575 4516 679 4579; x_wconf 79' lang='lat' dir='ltr'>tilium</span> <span class='ocrx_word' id='word_1_191' title='bbox 712 4520 861 4578; x_wconf 84' lang='lat' dir='ltr'>nostrum</span> <span class='ocrx_word' id='word_1_192' title='bbox 892 4512 1151 4598; x_wconf 72' lang='lat' dir='ltr'>primogenitum</span> <span class='ocrx_word' id='word_1_193' title='bbox 1181 4534 1238 4575; x_wconf 86' lang='lat' dir='ltr'>seu</span> <span class='ocrx_word' id='word_1_194' title='bbox 1262 4512 1407 4578; x_wconf 67' lang='lat' dir='ltr'>haeredes</span> <span class='ocrx_word' id='word_1_195' title='bbox 1431 4522 1569 4592; x_wconf 85' lang='lat' dir='ltr'>nostros,</span> <span class='ocrx_word' id='word_1_196' title='bbox 1593 4525 1629 4582; x_wconf 87' lang='lat' dir='ltr'>et</span> 
     </span>
     <span class='ocr_line' id='line_1_30' title="bbox 574 4613 1628 4702; baseline 0.004 -25"><span class='ocrx_word' id='word_1_197' title='bbox 574 4617 662 4702; x_wconf 84' lang='lat' dir='ltr'>quod</span> <span class='ocrx_word' id='word_1_198' title='bbox 694 4617 735 4680; x_wconf 86' lang='lat' dir='ltr'>‹lo</span> <span class='ocrx_word' id='word_1_199' title='bbox 769 4615 833 4695; x_wconf 84' lang='lat' dir='ltr'>hoe¹</span> <span class='ocrx_word' id='word_1_200' title='bbox 860 4614 1032 4700; x_wconf 61' lang='lat' dir='ltr'>perstabit</span> <span class='ocrx_word' id='word_1_201' title='bbox 1057 4613 1151 4677; x_wconf 77' lang='lat' dir='ltr'>vobis</span> <span class='ocrx_word' id='word_1_202' title='bbox 1174 4613 1385 4678; x_wconf 77' lang='lat' dir='ltr'>securitatem</span> <span class='ocrx_word' id='word_1_203' title='bbox 1409 4638 1508 4700; x_wconf 81' lang='lat' dir='ltr'>quam</span> <span class='ocrx_word' id='word_1_204' title='bbox 1533 4618 1628 4682; x_wconf 76' lang='lat' dir='ltr'>notris</span> 
     </span>
    </p>
   </div>
   <div class='ocr_carea' id='block_1_10' title="bbox 573 4852 1624 5061">
    <p class='ocr_par' dir='ltr' id='par_1_14' title="bbox 573 4852 1624 5061">
     <span class='ocr_line' id='line_1_31' title="bbox 609 4852 1624 4917; baseline 0.005 -16"><span class='ocrx_word' id='word_1_205' title='bbox 609 4854 615 4883; x_wconf 86' lang='lat'><strong>¹</strong></span> <span class='ocrx_word' id='word_1_206' title='bbox 636 4852 808 4915; x_wconf 72' lang='lat' dir='ltr'>Immediately</span> <span class='ocrx_word' id='word_1_207' title='bbox 829 4852 959 4916; x_wconf 66' lang='lat' dir='ltr'>fivilouing</span> <span class='ocrx_word' id='word_1_208' title='bbox 978 4852 1029 4900; x_wconf 78' lang='lat' dir='ltr'>this</span> <span class='ocrx_word' id='word_1_209' title='bbox 1048 4852 1073 4899; x_wconf 90' lang='lat' dir='ltr'>in</span> <span class='ocrx_word' id='word_1_210' title='bbox 1123 4854 1153 4900; x_wconf 86' lang='lat' dir='ltr'>ot&#39;</span> <span class='ocrx_word' id='word_1_211' title='bbox 1177 4852 1219 4900; x_wconf 81' lang='lat' dir='ltr'>tire</span> <span class='ocrx_word' id='word_1_212' title='bbox 1242 4860 1331 4901; x_wconf 78' lang='lat' dir='ltr'>vacarit</span> <span class='ocrx_word' id='word_1_213' title='bbox 1359 4853 1455 4917; x_wconf 75' lang='lat' dir='ltr'>ubbary</span> <span class='ocrx_word' id='word_1_214' title='bbox 1483 4854 1514 4903; x_wconf 77' lang='lat' dir='ltr'>os</span> <span class='ocrx_word' id='word_1_215' title='bbox 1539 4856 1624 4906; x_wconf 80' lang='lat' dir='ltr'>Prter—</span> 
     </span>
     <span class='ocr_line' id='line_1_32' title="bbox 573 4930 1545 4997; baseline 0.001 -16"><span class='ocrx_word' id='word_1_216' title='bbox 573 4938 615 4981; x_wconf 82' lang='lat' dir='ltr'>ttu·</span> <span class='ocrx_word' id='word_1_217' title='bbox 629 4932 684 4980; x_wconf 84' lang='lat' dir='ltr'>iioii</span> <span class='ocrx_word' id='word_1_218' title='bbox 698 4931 718 4979; x_wconf 77' lang='lat' dir='ltr'>is</span> <span class='ocrx_word' id='word_1_219' title='bbox 729 4948 743 4980; x_wconf 79' lang='lat' dir='ltr'>a</span> <span class='ocrx_word' id='word_1_220' title='bbox 756 4930 851 4979; x_wconf 79' lang='lat' dir='ltr'>similer</span> <span class='ocrx_word' id='word_1_221' title='bbox 862 4933 934 4979; x_wconf 79' lang='lat' dir='ltr'>order</span> <span class='ocrx_word' id='word_1_222' title='bbox 943 4940 969 4980; x_wconf 83' lang='lat' dir='ltr'>to</span> <span class='ocrx_word' id='word_1_223' title='bbox 982 4931 1074 4981; x_wconf 66' lang='lat' dir='ltr'>liobe-rt</span> <span class='ocrx_word' id='word_1_224' title='bbox 1123 4930 1236 4995; x_wconf 72' lang='lat' dir='ltr'>lrsrough</span> <span class='ocrx_word' id='word_1_225' title='bbox 1250 4930 1288 4979; x_wconf 83' lang='lat' dir='ltr'>soi·</span> <span class='ocrx_word' id='word_1_226' title='bbox 1299 4930 1341 4982; x_wconf 81' lang='lat' dir='ltr'>the</span> <span class='ocrx_word' id='word_1_227' title='bbox 1352 4946 1420 4981; x_wconf 80' lang='lat' dir='ltr'>sunu·</span> <span class='ocrx_word' id='word_1_228' title='bbox 1431 4947 1545 4997; x_wconf 74' lang='lat' dir='ltr'>purpose.</span> 
     </span>
     <span class='ocr_line' id='line_1_33' title="bbox 574 5008 1074 5061; baseline -0.004 -1"><span class='ocrx_word' id='word_1_229' title='bbox 574 5010 713 5061; x_wconf 79' lang='lat' dir='ltr'>l&#39;usselaue</span> <span class='ocrx_word' id='word_1_230' title='bbox 732 5019 759 5060; x_wconf 84' lang='lat' dir='ltr'>to</span> <span class='ocrx_word' id='word_1_231' title='bbox 777 5008 872 5060; x_wconf 68' lang='lat' dir='ltr'>delii-er</span> <span class='ocrx_word' id='word_1_232' title='bbox 888 5011 920 5060; x_wconf 86' lang='lat' dir='ltr'>uli</span> <span class='ocrx_word' id='word_1_233' title='bbox 941 5010 984 5061; x_wconf 86' lang='lat' dir='ltr'>the</span> <span class='ocrx_word' id='word_1_234' title='bbox 996 5010 1074 5059; x_wconf 69' lang='lat' dir='ltr'>issum</span> 
     </span>
    </p>
   </div>
   <div class='ocr_carea' id='block_1_11' title="bbox 0 0 2180 6442">
    <p class='ocr_par' dir='ltr' id='par_1_15' title="bbox 0 0 2180 6442">
     <span class='ocr_line' id='line_1_34' title="bbox 0 0 2180 6442; baseline 0 0"><span class='ocrx_word' id='word_1_235' title='bbox 0 0 2180 6442; x_wconf 95' lang='lat' dir='ltr'> </span> 
     </span>
    </p>
   </div>
  </div>
 </body>
</html>
