4350 6442
606 1185 855 1239 riuusrnurrvn
878 1188 921 1236 or
944 1187 1014 1236 rus
1037 1188 1146 1237 nemu
1169 1189 1213 1238 or
1235 1188 1357 1239 srunr
1380 1189 1430 1238 111.
1499 1177 1541 1239 65

498 1361 678 1428 habuerant
710 1364 747 1427 in
779 1366 943 1449 potestate
965 1369 1079 1428 nostra
1109 1386 1310 1451 recuperare,
1334 1369 1369 1428 et
1390 1362 1544 1427 similiter

496 1461 642 1530 hominos
677 1466 782 1532 nostri
815 1466 852 1529 in
883 1470 1049 1551 potestate
1086 1472 1200 1531 vestro
1236 1468 1326 1553 apud
1364 1466 1544 1530 Borvedlae

496 1568 598 1631 terras
628 1589 703 1633 suas
734 1566 854 1632 habere
888 1567 1052 1633 deberent.
1100 1567 1198 1648 Quod
1222 1570 1355 1654 quidem
1380 1613 1542 1633 ......

495 1666 576 1733 bene
620 1675 731 1735 aetum
762 1669 834 1747 suit,
870 1674 904 1734 et
937 1670 1105 1755 utrimque
1143 1672 1293 1736 homines
1331 1677 1400 1736 tom
1437 1668 1543 1733 vestri

496 1789 593 1854 quarn
626 1773 734 1837 nostri
766 1772 802 1836 in
835 1773 921 1836 bona
952 1793 1030 1857 pace
1053 1777 1226 1837 steterunt.
1273 1773 1421 1837 Tandem
1456 1793 1543 1835 auno

495 1873 663 1955 praeterito
708 1874 861 1939 dominus
906 1873 930 1938 J
932 1873 1076 1939 ohannes
1122 1874 1163 1940 de
1210 1875 1308 1960 (incy,
1339 1873 1545 1960 justiciarius

495 1977 610 2051 vester,
625 1976 821 2040 nescivimus
843 2024 1281 2042 ...............
1304 1981 1435 2040 nostros
1456 1975 1545 2061 apud

496 2074 618 2140 dictum
641 2078 747 2142 locum
772 2078 867 2142 terris
900 2083 935 2142 et
967 2078 1065 2142 blado
1096 2079 1229 2163 penitus
1255 2078 1464 2158 disseisiovit,
1487 2100 1547 2142 nec

495 2183 649 2262 poterunt
675 2179 795 2243 habere
816 2178 951 2243 bladum
975 2201 1071 2243 snum
1096 2229 1226 2246 .....
1250 2180 1449 2267 imponendo
1472 2201 1546 2245 curn

495 2279 584 2365 ips03
618 2282 715 2346 etde
738 2281 835 2346 terris
857 2282 925 2345 suis
948 2287 1027 2346 sunt
1056 2303 1161 2367 usque
1190 2324 1192 2328 -
1200 2331 1546 2349 ............

494 2432 715 2449 ........
739 2383 856 2461 uinus,
893 2384 1004 2447 literas
1041 2389 1167 2448 vestras
1198 2385 1425 2451 habuissemus
1458 2385 1548 2449 dicto

490 2481 675 2567 justiciario
715 2486 854 2550 directos
886 2485 926 2549 de
965 2485 1175 2550 restitutione
1207 2487 1396 2551 hominibus
1428 2488 1548 2551 vestris

496 2607 592 2673 super
637 2589 803 2673 praedietis
848 2587 1023 2667 facienda3
1070 2587 1197 2651 nullam
1241 2595 1353 2654 tamen
1390 2594 1547 2674 poterunt

496 2686 643 2754 hominos
678 2691 1548 2776 .................‚....scdpotius

495 2788 602 2854 dictus
627 2790 830 2875 justiciarius
859 2790 977 2854 frivole
1000 2795 1115 2854 contra
1137 2813 1197 2855 nos
1220 2792 1413 2878 excipiebat,
1436 2793 1548 2857 dicens

495 2893 582 2978 quod
604 2893 688 2956 nihil
704 2891 831 2970 faceret,
848 2893 912 2956 nisi
936 2891 1099 2958 Maredud
1121 2893 1209 2957 filius
1233 2893 1367 2958 Ricardi
1391 2894 1431 2958 de
1447 2895 1548 2979 Heyn

496 2994 629 3060 haberet
651 2995 809 3079 quasdam
825 2999 928 3059 terras
951 3016 1031 3079 quas
1054 3000 1162 3060 mater
1177 3001 1291 3060 nostra
1313 2996 1475 3060 habuerat
1490 3018 1548 3083 pro

496 3097 572 3162 dote
603 3098 701 3183 longo
734 3102 889 3182 tempore,
912 3101 946 3162 et
968 3097 1051 3161 alias
1083 3098 1124 3162 de
1148 3098 1268 3182 quibus
1291 3119 1359 3161 non
1382 3098 1490 3163 fuerat
1512 3099 1548 3162 in

494 3196 596 3262 forma
619 3198 707 3284 pacis
729 3198 885 3284 praedicta
900 3199 1024 3262 mentio
1047 3198 1140 3263 factu„
1188 3196 1297 3277 Quare
1312 3197 1407 3261 vobis
1430 3220 1469 3262 ea
1484 3221 1549 3283 qua
1605 3181 1610 3190 ⁸

493 3322 666 3386 possumus
689 3300 864 3364 devotione
879 3300 1105 3386 supplicamus,
1122 3304 1292 3384 quatenus,
1307 3298 1336 3362 si
1359 3301 1474 3382 placet,
1489 3321 1548 3384 pro

494 3423 602 3466 amore
626 3406 661 3466 et
693 3401 827 3467 servitio
859 3407 973 3466 nostro
1004 3401 1128 3466 dictam
1151 3401 1290 3464 sormam
1322 3422 1398 3486 erga
1431 3422 1490 3464 nos
1513 3407 1549 3465 et
1646 3403 1651 3411 ’

494 3508 620 3569 nostros
642 3503 838 3589 reintegrari
860 3503 1009 3582 faciatis;
1032 3504 1111 3588 quia
1133 3502 1199 3568 fere
1213 3524 1272 3589 per
1294 3525 1420 3566 annum
1443 3502 1547 3567 honri-

494 3626 552 3670 nes
574 3605 679 3670 nostri
703 3605 792 3668 omni
814 3605 981 3670 commodo
1005 3610 1039 3668 et
1062 3605 1210 3669 utilitate
1231 3611 1392 3670 terrarum
1415 3627 1547 3670 suarum

494 3712 572 3772 sunt
594 3707 735 3794 spoliati.

539 3811 584 3875 Et
606 3810 684 3875 licet
706 3809 805 3873 multi
838 3808 934 3872 nobis
966 3807 1144 3874 suaderent
1168 3809 1337 3874 Walenses
1360 3816 1488 3876 vestros
1511 3813 1546 3875 in

493 3918 656 4000 potestate
671 3917 785 3976 nostra
800 3916 904 3975 terras
918 3909 1086 3990 habentes
1104 3912 1248 3977 maxime
1265 3912 1426 3977 Maredud
1441 3913 1546 3977 filium

494 4015 635 4092 Ricardi‚
660 4015 716 4099 qui
739 4013 779 4077 dc
803 4012 932 4099 magnis
955 4012 1052 4077 terris
1076 4035 1157 4098 quas
1180 4020 1273 4079 tenet
1298 4014 1338 4078 de
1361 4015 1456 4079 nobis
1479 4037 1546 4078 non

492 4117 668 4204 respondet
693 4115 786 4180 nobis
809 4116 845 4178 in
878 4116 998 4200 aliquo,
1023 4115 1217 4194 disseisiare‚
1247 4117 1398 4181 volumus
1424 4123 1546 4190 tamen,

492 4221 578 4285 sicut
609 4219 773 4294 debemus,
803 4218 896 4282 vobis
922 4223 1082 4302 tanquam
1125 4217 1258 4282 domino
1289 4224 1403 4282 nostro
1436 4223 1545 4282 toturn

491 4323 648 4388 honorem
671 4321 809 4396 differre,
840 4324 1008 4406 sperantes
1031 4320 1120 4404 quod
1142 4320 1258 4384 audita
1280 4319 1412 4403 querela
1433 4325 1547 4384 nostra

492 4429 561 4489 tam
595 4446 680 4510 saepe
715 4445 772 4508 per
806 4425 864 4485 'vos
896 4421 984 4508 ipsos
1021 4421 1150 4506 n[obis]
1190 4427 1225 4487 et
1269 4421 1391 4485 nostris
1421 4420 1547 4487 facietis

491 4526 621 4612 plenam
639 4525 807 4610 justitiam
830 4522 986 4588 exhiberi.

536 4628 573 4692 Si
595 4649 674 4692 vero
697 4626 804 4690 dietus
820 4625 980 4690 Maredud
995 4625 1050 4690 vel
1072 4625 1192 4709 aliquis
1214 4625 1298 4688 alius
1320 4646 1427 4689 coram
1451 4625 1545 4690 vobis
1609 4611 1614 4620 ’

491 4730 655 4816 querelam
702 4730 846 4814 deponat
893 4729 933 4791 de
978 4727 1081 4802 nobis,
1127 4727 1234 4812 parati
1280 4748 1393 4791 sumus
1438 4728 1543 4793 eidem

490 4832 668 4898 secundum
692 4832 798 4916 legem
813 4829 952 4904 Walliae,
976 4830 1061 4893 sicut
1082 4828 1302 4914 contin[etur]
1327 4830 1362 4892 in
1384 4829 1544 4916 praediotn

490 4935 604 5012 forma,
628 4935 664 4998 in
687 4934 757 4998 loco
781 4931 979 5017 competenti
1012 4931 1047 4994 in
1070 4931 1215 4995 marchia
1237 4936 1347 4996 vestra
1370 4939 1405 4997 ot
1431 4937 1544 4996 nostra
1670 4930 1675 4941 '

490 5036 677 5101 satisfacere
708 5034 878 5098 humiliter
909 5038 944 5097 et
977 5033 1118 5111 devote3
1155 5032 1243 5117 quod
1281 5033 1414 5118 quidem
1443 5054 1545 5118 smpe-
1631 5046 1637 5057 ·

582 5155 655 5201 voh.
681 5154 715 5200 11.
1387 5152 1409 5199 Ε
