4350 6442
605 1134 858 1187 mesanam
881 1136 925 1185 OF
946 1134 1016 1185 11111
1038 1136 1149 1187 11111011
1172 1136 1216 1185 OF
1239 1137 1360 1187 nunni
1383 1136 1434 1185 111.
1482 1122 1545 1183 125

489 1310 585 1377 ultra
606 1314 738 1399 portam
760 1310 960 1387 interiorem,
976 1331 1051 1395 quae
1074 1310 1110 1374 in
1126 1331 1248 1396 magna
1266 1331 1386 1396 guerra
1399 1312 1548 1394 tempore

490 1412 634 1478 illustris
679 1412 767 1500 ragis
804 1411 970 1478 Jobannis
1018 1412 1124 1499 patris
1163 1411 1265 1477 vestri
1304 1414 1471 1497 prostrato
1515 1415 1549 1474 61

493 1514 697 1581 deteriorata
728 1514 871 1590 fuerunt,
904 1535 1075 1600 nunquam
1106 1518 1220 1601 postea
1257 1513 1393 1578 fuerunt
1429 1511 1551 1576 6616616

494 1636 559 1682 666
579 1616 763 1682 emendata
802 1615 945 1702 Capella,
969 1637 1091 1702 magna
1113 1615 1197 1692 aula,
1222 1615 1379 1701 coquinae,
1394 1615 1549 1701 grangim‚

495 1717 646 1796 stabulae,
669 1718 829 1805 pistrinae,
853 1716 1006 1794 16661666,
1030 1722 1065 1783 61
1096 1717 1213 1782 domus
1239 1717 1331 1781 ultra
1352 1721 1493 1804 portam,
1518 1721 1553 1781 61

495 1825 622 1908 pontes,
645 1820 734 1885 infra
756 1824 900 1885 castrum
926 1825 962 1884 61
985 1823 1090 1900 extra,
1114 1819 1202 1884 ultra
1231 1819 1369 1884 modum
1400 1819 1552 1905 indigent

497 1920 667 1987 emendari
699 1927 735 1987 et
765 1920 931 2007 cooperiri
978 1920 1041 1985 Est
1071 1921 1226 2006 quaedum
1256 1921 1403 1986 orevaoia
1432 1941 1552 2006 magna

497 2022 587 2089 infra
615 2023 787 2089 burrellum
811 2022 971 2088 Willelmi
1005 2022 1047 2087 (16
1079 2023 1181 2108 Ireby
1213 2046 1233 2088 a
1266 2024 1419 2108 s[umi]te
1449 2043 1553 2108 usque

499 2124 661 2205 deorsum,
685 2147 760 2210 quae
782 2124 916 2189 noviter
946 2128 1078 2211 oportet
1107 2124 1207 2201 refici,
1231 2147 1304 2209 quae
1335 2130 1466 2189 ostensa
1487 2123 1553 2188 fuit

499 2226 804 2293 (1666166Η666166
838 2227 879 2291 (16
913 2225 1080 2292 Bathonia
1113 2247 1179 2290 666
1212 2249 1286 2291 cum
1317 2226 1391 2291 61116
1422 2225 1553 2291 detritis

501 2327 758 2415 praenominatis.
825 2326 984 2407 Quaedam
1022 2327 1214 2405 brotesohia,
1254 2350 1327 2413 quae
1364 2328 1430 2392 fuit
1467 2326 1553 2391 infra

501 2428 672 2495 tun-ellam
707 2428 877 2505 Maunsell,
913 2429 954 2493 (16
985 2450 1074 2493 novo
1112 2434 1212 2494 vento
1247 2435 1421 2514 prostrata,
1456 2429 1554 2494 ruodo

503 2536 555 2596 est
591 2529 773 2610 combusta,
810 2536 845 2595 61
883 2530 977 2595 ostiae
1014 2537 1049 2595 61
1087 2529 1239 2596 fenestrae
1279 2554 1406 2617 magnae
1443 2530 1552 2608 turris,

386 2708 389 2713 ¹
500 2631 705 2697 stabularum
732 2638 767 2697 et
790 2630 947 2717 coquinae,
970 2631 1125 2697 similiter
1147 2632 1318 2698 combusta
1330 2657 1338 2712 ;
1361 2638 1395 2698 et
1417 2654 1554 2697 semmae
1658 2670 1669 2684 ·

502 2733 631 2799 ostiarii
667 2756 735 2799 una
772 2756 847 2800 cum
885 2732 1111 2799 ferramentis¹
1162 2735 1339 2800 earundem
1377 2740 1553 2822 asportata.

502 2835 627 2923 Magna
649 2857 727 2922 pars
748 2833 951 2922 palicia-rum,
967 2834 1055 2900 infra
1070 2840 1215 2900 castrum
1232 2843 1267 2902 et
1281 2842 1385 2916 extra,
1401 2837 1555 2901 similiter

502 2944 582 3003 aunt
604 2937 777 3003 combusta
798 2942 833 3003 et
863 2936 1039 3003 destructa
1086 2938 1193 3003 Blada
1222 2960 1300 3003 vero
1324 2939 1365 3003 (16
1388 2939 1552 3004 dominico

503 3039 603 3105 eastri
640 3039 690 3104 ita
727 3039 908 3126 expendita
945 3038 1081 3105 fuerunt
1120 3041 1154 3103 in
1193 3047 1362 3120 autumno,
1402 3046 1470 3104 tam
1517 3040 1553 3104 in

502 3140 615 3227 garbis
646 3161 747 3226 quarn
777 3139 814 3204 in
844 3140 1046 3227 summagiis,
1071 3142 1160 3225 quod
1182 3141 1298 3205 ballivi
1321 3141 1403 3206 dicti
1426 3141 1555 3205 comitis

503 3243 562 3307 vix
600 3242 801 3308 invenerunt
837 3241 926 3307 unde
965 3242 1121 3307 dominici
1154 3246 1287 3328 possent
1324 3241 1487 3318 seminari,
1521 3247 1555 3306 61

502 3343 715 3411 liberationes
738 3344 936 3409 famulorum
959 3350 993 3410 et
1026 3344 1207 3431 praebanda
1229 3343 1374 3410 afrorum
1398 3350 1432 3410 61
1454 3343 1554 3409 boum

503 3451 639 3534 possent
671 3446 860 3511 sustentari.
918 3445 1059 3511 Faenum
1094 3451 1129 3511 61
1160 3446 1322 3532 foragium
1356 3446 1445 3511 unde
1480 3448 1555 3533 equi

503 3546 713 3626 vioeoomitis,
736 3546 981 3619 constabularii,
1002 3554 1038 3644 61
1060 3549 1276 3614 servientium
1300 3550 1557 3626 oareotariorum,

504 3655 540 3715 et
572 3648 636 3713 afri
667 3654 702 3714 61
732 3648 834 3715 boves
865 3649 1016 3714 solebant
1047 3650 1238 3728 sustentari,
1272 3656 1306 3717 et
1338 3651 1460 3718 debent
1498 3675 1556 3740 por

506 3754 617 3816 totum
639 3771 763 3816 annum
787 3755 927 3838 axoapto
949 3757 1096 3838 tempore
1119 3752 1278 3840 herbagii,
1303 3759 1411 3821 totum
1437 3777 1560 3842 expon-

505 3852 614 3918 ditum
659 3852 726 3918 fuit
763 3859 797 3918 61
835 3854 1056 3935 devastatum,
1098 3860 1276 3943 antequam
1323 3856 1438 3922 ballivi
1477 3857 1558 3924 (11611

504 3953 637 4019 66661116
674 3959 869 4041 receperunt
906 3954 1033 4021 dietum
1072 3963 1226 4024 castrum.
1295 3957 1337 4022 In
1375 3959 1473 4044 hujus
1511 3959 1558 4023 rei

506 4055 734 4120 testimonium
782 4056 891 4142 sigilla
939 4063 1055 4123 nostra
1101 4058 1178 4125 huic
1229 4061 1351 4146 scripto
1403 4061 1557 4146 praesenti

507 4157 728 4244 apposuimus

515 4366 579 4375 -0—
591 4368 708 4375 -..-—.--
727 4369 739 4374 ·.
760 4368 815 4375 ..-.
827 4369 886 4376 —..
1400 4372 1558 4382 ---—-·—--

817 4504 823 4532 ¹
834 4503 1008 4569 ferramentis]
1022 4504 1180 4563 ferramenta,
1192 4504 1252 4556 MS.
