4350 6442
574 1201 638 1263 los
729 1210 843 1261 novun
866 1210 939 1260 nvn
962 1211 1077 1259 oruua
1101 1208 1306 1260 ursronrcnu
1329 1210 1486 1260 emens

408 1405 533 1461 edmund,
576 1388 749 1463 Flaudriae,
782 1392 881 1474 prout
912 1408 954 1451 ex
984 1385 1155 1450 literarum
1189 1390 1377 1451 vestrarum
1413 1393 1535 1452 tenore
1565 1408 1642 1452 con·

408 1472 530 1598 ffiffig
576 1491 727 1576 cepimus,
759 1489 962 1555 excellentiae
977 1493 1097 1554 vestrae
1120 1489 1234 1552 taliter
1257 1488 1414 1554 duximus
1437 1490 1643 1577 responden·

408 1620 477 1653 mom
489 1620 545 1667 par-
576 1595 663 1672 clnm,
686 1593 774 1680 quod
789 1593 868 1678 quia
890 1590 1053 1657 nescimus
1068 1589 1149 1676 quid
1171 1591 1279 1656 dietus
1294 1613 1400 1657 eomes
1415 1592 1517 1657 vobis
1533 1592 1640 1667 offert,

576 1697 630 1761 vel
660 1697 721 1761 sub
754 1717 820 1781 qua
846 1692 951 1759 forma
980 1693 1107 1758 dictum
1140 1693 1390 1758 matrimonium
1421 1694 1530 1760 vellet
1562 1716 1641 1761 con·

577 1798 673 1877 trahi,
699 1798 829 1862 nullum
853 1796 923 1882 [de]
949 1816 987 1861 eo
1010 1800 1136 1860 certum
1160 1796 1239 1860 dare
1264 1817 1436 1883 possumus
1460 1797 1639 1862 eonsilium

576 1924 633 1967 seu
655 1922 854 1988 responsum.

409 2024 539 2075 Acrotho
621 2002 776 2069 Ceterum
806 2001 848 2067 (le
877 2000 1090 2067 comitatibus
1125 2001 1255 2087 Angliae
1286 2001 1381 2065 vobis
1410 2000 1641 2088 significemus

405 1670 515 1720 liculora.

408 2092 537 2207 gffluz
577 2106 666 2190 quod
684 2105 786 2190 juxta
816 2104 1036 2190 provisionem
1059 2125 1167 2190 nuper
1197 2104 1327 2181 factam,
1351 2109 1452 2189 prout
1481 2104 1521 2169 in
1550 2127 1641 2171 com.

538 2166 566 2221 Ὗ

407 2225 567 2288 thatpleaae·
578 2208 750 2294 positionis
784 2206 890 2271 forma
923 2206 1121 2283 continetur,
1161 2207 1250 2291 quod
1284 2205 1427 2292 quilibet
1457 2208 1641 2273 comitatus

410 2291 545 2406 {apsens
579 2311 636 2395 qui
668 2311 801 2376 mittere
831 2314 924 2375 curet
957 2314 992 2374 et
1025 2308 1135 2386 vellet,
1170 2308 1214 2373 ad
1249 2313 1392 2374 vestram
1423 2311 1640 2395 praesentiam

411 2374 552 2487 ilignea
579 2417 720 2497 quatuor
755 2411 877 2476 milites
904 2409 1046 2475 debeat¹
1081 2460 1289 2476 .......
1320 2416 1359 2476 ut
1388 2410 1447 2476 et²
1478 2434 1568 2477 unus
1598 2434 1641 2478 ex

410 2491 552 2619 {33'822
579 2513 627 2577 oie
658 2534 716 2599 per
745 2535 804 2578 vos
834 2513 870 2576 in
903 2513 1128 2578 vicecomitem
1163 2513 1314 2600 eligatur,
1344 2518 1379 2578 et
1409 2513 1472 2580 hoe
1504 2515 1572 2580 erit
1604 2514 1641 2581 iu

412 2623 555 2672 wltrtonc·
580 2616 723 2679 crastino
746 2615 940 2701 Epiphaniae
968 2615 1113 2694 Domini,
1141 2620 1181 2679 ut
1208 2615 1442 2681 intelleximus

411 2688 558 2819 ffiffim·
625 2717 694 2781 Nos
717 2718 814 2795 enim,
837 2740 883 2803 qu
898 2767 1244 2783 ............
1269 2719 1358 2784 dicto
1380 2719 1435 2783 die
1461 2719 1507 2783 ad
1529 2740 1642 2807 recep-

580 2820 704 2884 tionem
750 2818 895 2905 ipsorum
940 2819 1086 2885 militum
1131 2820 1290 2885 interesse
1338 2841 1405 2885 nou
1450 2842 1639 2907 possumus,

579 2922 741 3007 quendam
772 2922 910 2987 militem
941 2927 1091 2987 nostrum
1122 2922 1165 2985 ed
1195 2922 1322 2987 dictum
1349 2922 1437 2987 diem
1468 2922 1511 2987 de
1534 2923 1641 2991 latere

579 3027 691 3089 nostro
700 3024 904 3090 <lecrevimus
927 3071 1309 3091 .............
1332 3046 1351 3089 e
1366 3025 1418 3089 his
1441 3025 1499 3110 qui
1511 3026 1641 3092 fuerint

579 3132 754 3213 praesentas
794 3128 895 3212 juxta
943 3126 1083 3191 sormam
1121 3127 1296 3212 provisam,
1335 3133 1370 3192 et
1415 3127 1457 3191 de
1502 3128 1641 3195 coneilio

579 3231 728 3296 scaccarii
760 3230 862 3295 vestri
893 3229 1101 3295 vicecomites
1133 3229 1270 3316 recipiet
1304 3229 1375 3294 vice
1404 3236 1528 3296 nostra.
1589 3232 1641 3297 Dc

579 3333 654 3397 aliis
668 3356 689 3396 a
715 3380 1035 3397 ...........
1059 3332 1254 3417 tempseriut
1278 3338 1397 3398 vestra>
1420 3332 1641 3420 relinquimus

581 3434 795 3520 dispositioni,
838 3441 877 3499 ut
922 3435 962 3498 sle
1006 3432 1072 3497 illis
1115 3433 1243 3499 faciatis
1281 3435 1439 3520 quicquid
1483 3436 1641 3503 videritis

583 3536 775 3603 laciendum.

626 3638 750 3703 Datum
785 3639 873 3725 apud
901 3639 1183 3726 Waliugsordiam,
1207 3641 1362 3704 vicesimo
1385 3645 1502 3705 octavo
1517 3641 1573 3707 die
1599 3688 1608 3705 .
1633 3694 1640 3708 .

582 3790 833 3805 .........
867 3742 1086 3828 [in]‹lieti0ue,
1111 3743 1204 3829 regni
1228 3743 1332 3808 nostri
1356 3765 1443 3808 anno
1466 3744 1593 3829 quinto.

626 3842 798 3907 Irrctrraetl.
837 3843 1009 3931 [Domino]
1035 3843 1103 3931 rogi
1126 3844 1265 3930 Angliae,
1289 3846 1385 3912 fratri
1401 3852 1515 3911 nostro
1538 3848 1641 3913 caris·

582 3965 671 4010 suno.

595 4162 836 4171 .-——---——.-
861 4164 905 4171 ---
928 4166 957 4173 ...
973 4166 1125 4175 --ι--ι-
1154 4168 1218 4175 --.-
1235 4168 1242 4174 .
1256 4168 1276 4174 .-
1292 4166 1380 4174 —n—
1395 4166 1428 4173 —.
1447 4166 1595 4176 ...nun—..—

618 4301 624 4327 ¹
642 4298 739 4363 debeat]
759 4300 880 4351 lloubtful
891 4301 917 4350 in
930 4302 985 4351 MS.
1108 4302 1113 4368 Ι
1161 4307 1170 4333 ’·’
1187 4305 1223 4369 el]
1243 4303 1367 4354 Doubtl'ul
1379 4305 1405 4353 in
1418 4304 1474 4355 MS.
