4350 6442
615 1195 679 1259 228
759 1208 874 1258 norm
896 1206 969 1257 ssu
992 1209 1107 1260 ornus
1130 1210 1338 1261 msromcm
1362 1209 1510 1261 nuruum

1037 1498 1255 1565 DLXXXVI.

672 1617 801 1682 Hnunr
826 1616 892 1682 ΙΙΙ.
916 1634 958 1681 ro
983 1617 1190 1683 Hunrmmr
1214 1635 1260 1682 nu
1284 1618 1420 1699 Bonus,
1445 1616 1550 1683 mm
1574 1632 1622 1683 or

760 1724 763 1729 '
1039 1720 1242 1787 Hsunronn.

814 1850 885 1911 (sot.
898 1850 981 1900 Cluus.
993 1854 1025 1900 47
1037 1851 1104 1901 llen.
1117 1851 1173 1911 ΙΙΙ.,
1185 1855 1276 1903 memb.
1292 1858 1320 1901 1⁵
1332 1852 1359 1902 iu
1370 1852 1465 1913 dorm.)

447 1974 510 2025 Dec.
523 1977 563 2035 24,
661 1956 733 2022 Rex
754 1955 932 2020 Humfrido
955 1957 996 2020 de
1017 1956 1137 2021 Bohun
1160 1958 1273 2022 comiti
1288 1956 1502 2036 Herefordioe,
1519 1955 1679 2021 sulutem.

451 2047 522 2092 ¹²⁰²·
659 2058 779 2124 Sciatis
806 2058 894 2143 quod
922 2081 981 2123 nos
1008 2064 1042 2123 et
1065 2060 1180 2146 regino
1202 2082 1331 2125 consors
1355 2059 1529 2125 nostruin
1554 2058 1680 2147 vigilio

447 2136 603 2269 illuri-‚um
616 2162 652 2227 B.
677 2161 810 2227 Tlromae
841 2160 981 2247 apostoli
1011 2184 1163 2248 prospere
1194 2163 1410 2250 applicuimus
1436 2161 1528 2248 apud
1557 2161 1677 2227 Devo-

447 2271 563 2399 iffi?
615 2265 708 2341 rium,
724 2271 758 2329 et
780 2265 815 2327 in
838 2264 984 2329 adventu
1010 2270 1124 2329 nostro
1144 2266 1234 2351 opud
1249 2265 1465 2331 cantuariam
1484 2266 1677 2351 recepimus

554 2376 561 2393 ’
616 2367 656 2431 lit

658 2390 728 2431 erus
748 2372 893 2444 vestrus3
921 2388 979 2452 per·
1003 2388 1083 2453 quus
1108 2368 1204 2433 nobis
1228 2368 1436 2454 significastis
1461 2366 1553 2453 quod
1575 2366 1676 2431 vobis

615 2474 748 2556 gentem
786 2469 1000 2546 mitteremus
1031 2470 1074 2533 ud
1117 2476 1224 2535 eustru
1262 2493 1336 2557 qum
1369 2470 1505 2535 fuerunt
1538 2470 1677 2535 comitis

617 2573 829 2637 Gloueestrim
852 2578 887 2636 et
910 2595 985 2657 qum
1005 2577 1084 2637 sunt
1111 2573 1146 2636 in
1169 2573 1319 2638 custodia
1349 2580 1461 2638 vestra
1486 2572 1674 2639 munienda

616 2682 651 2739 ct
674 2674 879 2739 defendenda
905 2680 1020 2740 contra
1046 2675 1197 2740 inimicos
1220 2681 1350 2741 nostros
1373 2676 1509 2741 Wullim.

448 2793 553 2842 undare
662 2777 789 2856 Quibus
819 2778 1006 2842 rumoribus
1038 2777 1216 2843 intellectis
1246 2780 1361 2844 statim
1391 2779 1502 2844 vocnri
1534 2777 1673 2845 fecimus

448 2860 581 2977 ffissffifiae
616 2878 818 2944 lroclrelurios
848 2885 977 2946 nostros
1007 2880 1095 2965 quod
1125 2879 1321 2945 festinanter
1350 2881 1489 2946 veniant
1524 2880 1568 2945 ud
1601 2904 1674 2947 suc-

449 3002 476 3041 to
487 3008 544 3056 you.
617 3004 746 3046 cursum
774 2980 869 3045 vobis
900 2983 1124 3068 puestandum
1151 2989 1265 3047 eontru
1293 2982 1458 3048 Wnlenses
1481 2982 1672 3069 praedictos.

618 3085 717 3151 Unde
749 3085 844 3149 vobis
874 3086 1072 3150 mundamus
1104 3085 1191 3170 qued
1222 3086 1355 3150 interim
1380 3107 1438 3151 vos
1461 3084 1609 3151 viriliter
1634 3092 1671 3151 et

615 3194 748 3253 strenue
771 3186 922 3253 habeatis
947 3188 989 3252 ud
1012 3187 1171 3273 puudicta
1195 3192 1303 3253 castra
1327 3188 1507 3254 munienda
1529 3194 1566 3253 et
1593 3210 1671 3255 con·

616 3291 784 3356 seruando.
840 3290 910 3355 Nos
944 3295 1056 3355 eutem
1094 3290 1226 3355 solliciti
1265 3313 1378 3356 sumus
1406 3296 1441 3357 et
1470 3291 1597 3357 intenti
1626 3292 1670 3357 ml

615 3416 801 3459 succursum
832 3393 926 3457 vobis
965 3391 1166 3457 mittendum
1204 3416 1263 3479 pro
1300 3394 1433 3481 negotio
1468 3394 1670 3479 supradicto.

616 3497 734 3561 Postea
761 3494 985 3560 intelleximus
1008 3518 1067 3581 por
1089 3495 1201 3560 literas
1223 3495 1342 3583 Rogeri
1363 3496 1404 3561 de
1425 3496 1560 3562 Mortuo
1583 3495 1670 3561 Muri

616 3600 704 3685 quod
730 3599 800 3685 ipse
830 3604 865 3662 et
890 3595 1086 3661 Humfridus
1113 3598 1201 3663 filius
1228 3605 1337 3664 vester
1367 3598 1490 3664 obsessi
1520 3604 1603 3665 sunt
1633 3600 1671 3665 in

616 3707 722 3766 eostre
764 3700 804 3764 de
843 3698 1011 3776 Kenelese,
1051 3700 1101 3764 ito
1146 3700 1234 3785 quod
1279 3701 1370 3766 exire
1415 3723 1482 3765 non
1528 3708 1671 3788 possunt

616 3824 721 3888 neque
746 3800 903 3866 victualia
933 3823 1088 3885 quaerere,
1116 3824 1174 3887 per
1204 3803 1291 3888 quod
1316 3804 1410 3889 grum
1438 3802 1584 3890 periculo
1610 3826 1670 3869 ex-

615 3910 792 3990 ponuntur.
851 3902 951 3967 Unde
980 3904 1076 3969 vobis
1103 3904 1299 3970 mandamus
1325 3907 1412 3992 quod
1437 3914 1564 3973 statum
1595 3929 1669 3973 ves·

616 4016 706 4071 trum
729 4029 797 4070 unu
821 4028 895 4071 cum
920 4011 1011 4070 statu
1037 4006 1271 4092 predictorum
1293 4008 1413 4095 Rogeri
1439 4015 1473 4075 et
1494 4008 1670 4075 Hunrfridi

615 4110 711 4173 uoltis
741 4107 944 4194 significetis,
970 4113 1010 4173 ut
1039 4131 1138 4195 super
1168 4110 1228 4175 hoc
1253 4110 1423 4175 eonsilium
1449 4116 1484 4177 et
1508 4112 1670 4179 festinum

615 4211 793 4277 remedium
818 4232 1028 4297 apponamus
1074 4210 1180 4289 Teste,
1204 4218 1263 4277 ete

662 4314 829 4379 Mittimus
850 4312 945 4377 vobis
967 4312 1081 4377 literas
1106 4320 1235 4378 nostros
1260 4313 1458 4401 L[ewelino]
1484 4314 1554 4382 filio
1580 4316 1671 4384 Gris-

616 4417 676 4481 smi
706 4416 854 4491 directus,
886 4421 926 4478 ut
963 4415 1236 4501 tmusgressiones
1273 4416 1368 4481 nobis
1406 4422 1441 4483 et
1477 4416 1671 4487 hominibus

615 4519 739 4584 nostris
765 4540 824 4605 per
855 4518 962 4603 ipsum
994 4523 1028 4582 et
1054 4539 1131 4581 suos
1161 4523 1277 4584 contre
1307 4519 1447 4585 formum
1478 4526 1669 4609 treugamm

616 4622 703 4685 inter
732 4643 792 4685 nos
822 4626 856 4685 et
893 4620 1001 4705 ipsum
1037 4619 1196 4684 initurum
1234 4621 1345 4687 illatas
1382 4623 1478 4689 nobis
1516 4626 1670 4695 celeriter

617 4722 716 4786 farciat
742 4721 928 4799 emendari3
958 4727 1093 4807 propter
1120 4723 1208 4807 quod
1232 4724 1328 4789 vobis
1354 4725 1550 4791 mandamus
1577 4732 1668 4813 quod

615 4824 727 4888 litenis
755 4824 827 4888 illus
849 4824 879 4887 ei
902 4823 1099 4888 festinanter
1121 4824 1274 4903 mittatis,
1300 4831 1335 4892 et
1356 4850 1546 4915 responsum
1570 4853 1669 4898 suum

617 4925 652 4988 in
674 4925 735 4990 huc
757 4930 849 5011 purte
873 4926 968 4991 nobis
989 4926 1050 4991 sub
1074 4927 1285 4993 festinatione
1308 4930 1389 4995 scire
1412 4929 1547 4997 inclutis.
