4350 6442
603 1183 855 1237 rmnsrsrrrvr
878 1185 923 1232 or
945 1183 1014 1232 rua
1038 1183 1146 1232 saror
1169 1184 1214 1231 or
1237 1182 1358 1231 nasas
1381 1182 1431 1230 111.
1501 1170 1543 1232 25

891 1473 1162 1542 CCCCXXXIV.

592 1624 723 1691 Haunr
746 1623 814 1690 III.
836 1640 879 1688 ro
901 1640 971 1688 rna
994 1623 1164 1688 Euenuoa
1189 1622 1366 1689 Faroaare
1391 1623 1437 1689 ΙΙ.

692 1773 764 1832 <soe
776 1773 869 1824 Frunc.
880 1778 914 1824 26
925 1771 992 1822 lien.
1003 1771 1062 1833 111..
1073 1772 1164 1822 memb.
1178 1773 1192 1823 7
1204 1771 1231 1821 in
1244 1774 1339 1836 dorso.)

538 1891 682 1957 Domino
704 1890 894 1978 imperatori
917 1912 985 1968 rex,
1002 1891 1153 1971 salutem,
1170 1897 1203 1955 et
1227 1912 1396 1978 prosperos
1419 1912 1547 1978 semper
1559 1895 1627 1960 Sept.
1641 1903 1679 1958 19,

491 1993 535 2059 ad
557 1998 637 2057 vota
658 2014 832 2059 successus.
1560 1968 1632 2014 ¹²⁴²

538 2095 718 2182 Cupientes
740 2096 951 2161 serenitatem
973 2098 1117 2160 vestram
1140 2117 1239 2182 super
1268 2096 1319 2161 his
1342 2119 1416 2182 quae
1447 2116 1612 2183 penesOm·
1622 2122 1692 2168 truce

493 2220 553 2263 nos
574 2202 722 2285 aguntur
744 2205 778 2263 et
804 2199 845 2264 de
867 2219 1017 2284 processu
1040 2204 1221 2262 eventuum
1253 2203 1440 2278 nostrorum
1463 2182 1715 2301 efficiffioem

493 2301 670 2377 certiorem,
694 2301 789 2366 vobis
812 2301 1005 2366 intimamus
1028 2299 1125 2386 quod,
1150 2322 1223 2365 eum
1246 2300 1307 2365 sub
1330 2301 1452 2365 fiducia
1466 2316 1713 2387 qua-brokenbe

494 2404 635 2468 rundam
658 2404 849 2490 pactionum
871 2407 906 2469 et
928 2402 1243 2469 confoederationum
1267 2403 1427 2467 initurum
1458 2404 1547 2469 inter
1558 2384 1713 2515 ffiffild

493 2526 552 2571 nos
574 2512 609 2571 et
633 2505 854 2593 H[ugonem],
877 2506 1030 2571 comitem
1055 2504 1211 2569 Marehiee
1234 2509 1269 2569 et
1295 2504 1488 2591 Engolismi,
1512 2510 1546 2571 et
1557 2524 1603 2567 not
1613 2525 1689 2582 grant

495 2596 713 2693 I[sabellam],
749 2607 897 2692 reginam
926 2607 1065 2693 Angliae,
1098 2627 1235 2670 uxorem
1265 2629 1367 2683 suam,
1404 2611 1544 2672 matrem
1558 2584 1705 2701 {ffiffi

493 2705 659 2787 nostram,¹
685 2709 726 2774 de
748 2731 860 2774 eorum
884 2709 1039 2773 mandato
1062 2712 1098 2772 et
1126 2707 1262 2772 consilio
1284 2713 1318 2772 et
1339 2710 1545 2793 quorundam
1559 2716 1702 2768 tonsoria

493 2811 633 2875 aliorum
655 2810 818 2875 nobilium
841 2811 881 2876 de
904 2811 1055 2874 Pictavia
1077 2832 1160 2896 quos
1190 2810 1225 2875 in
1247 2810 1408 2875 fidelitate
1431 2816 1546 2876 nostra

492 2912 627 2977 stabiles
650 2934 718 2978 esse
741 2911 962 2988 credebamus
985 2934 1059 2977 eum
1092 2911 1205 2998 paucis
1237 2913 1398 2998 degente
1431 2918 1547 2977 nostra

493 3013 627 3100 Angliae
651 3013 852 3078 venissemus
875 3014 910 3077 in
934 3013 1127 3093 Pictaviam,
1151 3019 1186 3078 et
1215 3018 1453 3079 commorantes
1486 3014 1546 3078 ali·

493 3116 652 3200 quamdiu
674 3116 764 3203 apud
787 3117 927 3180 Pontem
950 3121 1130 3180 tractatum
1153 3117 1347 3181 haberemus
1369 3138 1443 3180 cum
1465 3138 1548 3203 preu-

494 3217 583 3282 dicto
605 3217 726 3282 comite
749 3217 905 3282 Marehiae
928 3222 963 3283 et
984 3217 1059 3282 aliis
1082 3217 1179 3281 nobis
1201 3222 1283 3283 tunc
1313 3217 1547 3283 assistentibus

494 3319 637 3404 qualiter
652 3326 767 3384 contra
780 3340 891 3405 regem
908 3319 1064 3396 Froneiae,
1081 3319 1139 3404 qui
1160 3323 1275 3384 eontra
1289 3323 1440 3404 treugam
1462 3321 1548 3385 iuter

494 3443 553 3486 nos
575 3420 696 3485 initam
718 3420 973 3506 interceptiones
995 3443 1062 3485 non
1086 3421 1230 3486 modicas
1244 3425 1314 3485 tum
1337 3420 1433 3485 nobis
1448 3444 1547 3507 quam

494 3524 691 3609 quibusdam
713 3522 870 3608 imprisiis
893 3521 1015 3587 nostris
1037 3522 1158 3587 fecerat
1181 3545 1239 3608 per
1261 3544 1294 3587 se
1317 3527 1352 3587 et
1385 3522 1548 3610 imprisios

494 3648 578 3705 suos,
594 3625 768 3712 procedere
792 3624 998 3690 debebamus.
1039 3625 1196 3703 Tandem,
1212 3626 1253 3689 de
1276 3646 1388 3689 eorum
1403 3624 1546 3706 consilio,

494 3727 594 3793 semel
616 3731 652 3792 et
678 3727 799 3791 iterum
829 3727 937 3813 rogari
971 3725 1108 3790 fecimus
1139 3725 1314 3812 praefatum
1348 3749 1466 3814 regem,
1489 3751 1548 3814 per

495 3830 629 3894 nuntios
660 3834 791 3893 nostros
823 3827 982 3892 solemnes
1012 3848 1094 3912 quos
1127 3827 1170 3891 ad
1200 3849 1275 3892 eum
1299 3828 1547 3908 destinavimus,

494 3935 534 3995 ut
555 3930 811 4016 interceptiones
840 3929 914 3992 illas
936 3930 1056 3994 faceret
1090 3928 1265 3994 emendari.
1312 3930 1403 3995 Licet
1436 3936 1548 3996 autem

493 4033 580 4098 idem
610 4054 671 4097 rex
699 4031 828 4095 nuntiis
869 4030 991 4095 nostris
1020 4029 1101 4095 satis
1131 4029 1299 4096 curialiter
1327 4033 1547 4117 responderet,

494 4135 583 4221 quod
606 4134 747 4199 libenter
766 4131 862 4197 nobis
878 4137 912 4197 et
935 4132 1055 4197 nostris
1071 4132 1193 4197 faceret
1208 4132 1376 4196 emendari
1392 4134 1549 4218 quiequid

495 4258 553 4322 per
575 4257 610 4300 se
633 4239 667 4300 et
690 4256 767 4299 suos
789 4234 885 4299 nobis
907 4239 942 4299 et
972 4234 1095 4298 nostris
1126 4233 1191 4298 fuit
1213 4232 1443 4319 interceptum,
1468 4235 1548 4299 dum

494 4338 583 4403 idem
606 4337 671 4401 sibi
694 4342 728 4402 et
750 4337 817 4402 suis
839 4335 1040 4415 faceremus;
1065 4342 1099 4400 et
1129 4356 1204 4399 eum
1227 4336 1269 4399 ad
1293 4334 1375 4400 duos
1397 4336 1451 4401 vel
1481 4341 1550 4403 tres

495 4441 566 4505 dies
588 4441 682 4504 datos
704 4439 830 4502 adhoc
861 4438 1068 4503 mitteremus
1091 4438 1132 4502 de
1155 4437 1308 4503 fidelibus
1330 4438 1460 4516 nostris,
1490 4462 1549 4525 pro

495 4541 641 4607 emendis
682 4539 840 4605 faciendis
881 4544 917 4604 et
953 4539 1147 4626 recipiendis
1178 4540 1219 4603 de
1255 4539 1549 4626 interceptionibus

495 4642 668 4731 praedictis,
707 4641 820 4705 nuntii
858 4640 1005 4726 ejusdem
1042 4640 1129 4726 regis
1167 4639 1324 4718 Franeiae,
1363 4640 1406 4705 ad
1443 4665 1548 4709 unum

497 4746 585 4811 diem
608 4744 849 4820 convenientes,
872 4747 907 4807 et
933 4764 1008 4808 cum
1038 4742 1160 4809 nostris
1190 4745 1248 4808 din
1277 4748 1467 4824 tractantes,
1497 4747 1548 4811 in·

547 5062 553 5090 ¹
572 5060 679 5126 repleam
697 5095 703 5110 .
716 5097 722 5108 .
735 5097 741 5109 .
754 5059 865 5125 timerem]
884 5059 971 5124 regine
982 5059 1078 5124 Anglie
1089 5058 1176 5110 uxoris
1187 5075 1231 5110 sue
1242 5059 1329 5110 matris
1339 5067 1430 5117 nostre,
1441 5058 1497 5110 MS.
