4350 6442
601 1222 849 1275 ILLUsrnArlvn
871 1225 915 1273 OF
936 1223 1007 1273 THE
1029 1225 1136 1273 REIGN
1158 1225 1202 1272 on
1225 1223 1347 1272 suunt
1369 1222 1422 1272 111.
1484 1211 1547 1273 215

499 1403 676 1490 recipiatis,
699 1403 832 1467 nominc
864 1404 986 1480 nostro,
1021 1423 1120 1487 super
1151 1400 1444 1488 interceptionibus
1466 1422 1549 1486 prae-

500 1506 606 1571 dictis.
657 1506 702 1569 Et
724 1505 794 1579 hoc,
816 1505 901 1568 sicut
923 1525 983 1568 nos
1006 1509 1040 1569 et
1072 1505 1228 1569 honorem
1250 1508 1399 1568 nostrum
1422 1525 1550 1568 necnon

498 1613 532 1673 et
570 1608 846 1693 tranquillitatem
883 1607 977 1693 regni
1021 1607 1127 1672 nostri
1171 1606 1318 1693 diligitis,
1360 1606 1550 1671 nullatenus

499 1712 671 1775 omittatis.
719 1709 955 1774 Mandavimus
970 1709 1058 1774 enim
1078 1709 1175 1775 dictis
1190 1709 1407 1774 dictatoribus
1429 1710 1550 1774 nostris

500 1814 587 1899 quod
619 1814 662 1878 ad
694 1812 783 1877 diem
815 1811 1010 1899 praedictum
1032 1811 1129 1877 vobis
1160 1817 1330 1877 occurrant
1360 1811 1492 1890 ibidem,
1515 1817 1550 1878 et

497 1917 610 1981 literas
633 1922 763 1980 nostras
785 1916 845 1979 has
867 1915 963 1979 vobis
995 1915 1162 1981 mittimus
1195 1920 1355 2002 patentes,
1378 1937 1436 2001 per
1467 1937 1549 2000 quas

499 2019 593 2083 vobis
615 2029 650 2084 et
673 2018 767 2083 sociis
791 2017 911 2083 vostris
933 2018 1101 2105 praedictis
1134 2040 1216 2104 quos
1238 2018 1351 2083 adesse
1373 2017 1550 2105 contigerit

498 2122 631 2209 plenam
656 2143 752 2208 super
775 2121 836 2185 hoc
859 2121 976 2185 damus
999 2127 1206 2208 potestatem.

543 2225 640 2288 Teste
663 2230 702 2289 ut
726 2223 930 2310 supru[1·egs
952 2224 1041 2311 apud
1053 2224 1249 2301 Bannebire‚
1260 2222 1416 2289 vicesimo
1431 2227 1549 2308 quarto

497 2328 551 2392 die
575 2327 746 2414 Augusti}
796 2326 842 2391 Et
865 2326 1050 2393 irrotulatuc
1073 2332 1153 2393 sunt
1176 2325 1243 2391 illae
1265 2324 1372 2391 litera
1395 2330 1550 2412 patentes

496 2433 532 2495 in
555 2431 664 2496 rotulo
687 2430 875 2518 patentium
898 2429 998 2516 hujus
1020 2430 1100 2495 anni
1122 2429 1184 2495 sub
1206 2430 1272 2494 ista
1294 2428 1379 2494 data

541 2532 665 2598 Eodem
688 2533 785 2597 modo
808 2531 965 2597 scribitur
980 2533 1140 2619 R[ogero]
1158 2530 1375 2597 Coventrensi
1396 2536 1431 2597 ct
1453 2530 1548 2597 Lich-

496 2636 633 2701 fcldensi
657 2640 691 2700 ct
716 2633 876 2720 S[im0ni]
893 2634 1096 2701 Norwicensi
1119 2634 1287 2721 episcopis,
1303 2639 1338 2698 et
1360 2633 1485 2700 Jacobo
1507 2633 1548 2701 dc

496 2737 689 2823 Aldithcley
712 2758 769 2822 per
793 2759 835 2801 se.

540 2842 586 2905 Et
617 2840 785 2905 sciendum
822 2841 910 2925 quod
944 2840 1042 2905 litera
1079 2847 1197 2927 patens
1234 2862 1301 2904 una
1338 2862 1413 2905 cum
1450 2839 1549 2906 litera

495 2943 619 3007 directa
649 2940 672 3006 J
675 2941 776 3007 acobo
813 2941 854 3006 de
892 2942 1085 3028 Alditheley
1123 2941 1249 3007 tradita
1286 2941 1367 3006 fuit¹
1399 2940 1548 3008 Johanni

495 3045 535 3110 de
560 3046 746 3130 Musoegros
769 3043 869 3109 militi
899 3044 1028 3131 praefati
1050 3045 1177 3122 «iacobi,
1202 3044 1377 3109 deferenda
1410 3045 1548 3130 praefato

495 3148 519 3212 J
521 3147 630 3224 acobo,
655 3151 693 3210 ut
715 3147 784 3232 ipse
807 3146 920 3210 literas
955 3146 1095 3211 directos
1126 3145 1225 3212 dictis
1258 3146 1478 3212 dictatoribus
1501 3146 1548 3213 ois

494 3250 611 3315 mittat
634 3249 705 3314 sine
729 3249 897 3314 dilatione.

541 3353 665 3418 Eodem
688 3353 793 3429 modo,
810 3358 844 3417 ct
860 3353 896 3415 in
911 3350 1017 3416 formo
1032 3351 1198 3438 pnudicta,
1213 3350 1369 3417 scribitur
1391 3353 1548 3438 praedicto

493 3453 618 3521 Jacobo
641 3477 715 3520 cnm
738 3454 799 3519 hac
833 3454 1000 3521 clausula:
1026 3453 1193 3541 Rogamus
1227 3455 1361 3541 insuper
1394 3458 1434 3519 ut
1467 3478 1547 3542 proe·

493 3558 571 3623 fatis
605 3557 823 3623 dictatoribus
856 3580 899 3623 ex
932 3556 1121 3624 abundanti
1155 3558 1237 3623 scire
1270 3557 1398 3622 faciatis
1429 3561 1469 3622 ut
1499 3558 1547 3623 ibi

493 3661 562 3726 sint
584 3661 690 3726 modis
713 3661 874 3736 omnibus,
899 3666 934 3727 et
955 3660 1067 3727 literas
1101 3665 1232 3726 nostras
1263 3682 1345 3746 quas
1367 3681 1465 3745 super
1487 3659 1548 3727 hoc

493 3763 616 3828 iterum
640 3763 808 3829 mittimus
842 3763 964 3829 eisdem
999 3763 1045 3827 eis
1077 3784 1152 3828 curn
1175 3784 1303 3828 summa
1336 3761 1546 3830 festinatione

494 3865 679 3931 transmitti
702 3864 839 3932 faciatis.
884 3867 988 3942 Teste,
1012 3869 1071 3931 etc.

538 3967 663 4034 Eodem
687 3969 783 4033 modo
805 3972 840 4032 et
862 3968 898 4033 in
919 3966 1024 4032 forma
1047 3967 1208 4056 praedicta
1229 3967 1385 4034 scribitur
1407 3966 1546 4056 singuiis

492 4070 710 4136 dictatoribus
732 4092 791 4157 per
814 4092 856 4135 se.

536 4172 625 4238 item
658 4173 743 4238 sicut
777 4173 869 4260 prius
900 4173 1055 4238 scribitur
1087 4173 1200 4239 comiti
1231 4172 1437 4239 Herefordiae
1470 4194 1544 4239 cum

491 4276 551 4340 hac
582 4276 750 4340 clausula:
774 4274 1019 4362 Transcriptum
1055 4279 1167 4340 autem
1200 4274 1305 4340 literae
1327 4297 1427 4361 quarn
1450 4276 1544 4341 nobis

490 4379 581 4443 misit
621 4378 836 4464 L[cwelinus]
873 4377 961 4442 filius
1000 4376 1133 4442 Griffini
1171 4378 1212 4442 <le
1249 4377 1545 4464 interceptionibus

490 4481 583 4546 frictis
609 4481 643 4544 in
666 4486 827 4566 treugam,
851 4481 939 4545 unde
971 4481 1059 4545 idem
1082 4479 1298 4565 L[eweliuus]
1325 4480 1422 4544 nobis
1453 4481 1544 4567 prius

490 4585 672 4670 scripserat,
696 4589 729 4648 et
752 4606 810 4669 pro
834 4583 956 4669 quibus
979 4582 1066 4647 diem
1090 4582 1284 4668 pradictum
1307 4583 1395 4669 apud
1411 4582 1542 4649 Vadum

490 4687 530 4751 de
555 4687 792 4772 bluntgomery
814 4684 878 4750 sibi
911 4684 1123 4772 promimus,
1146 4683 1241 4749 vobis
1273 4684 1438 4750 mittimus
1458 4707 1541 4771 pne·

490 4790 638 4855 sentibus
660 4788 884 4853 interclusum.
933 4788 1028 4851 Teste
1052 4793 1219 4874 utsupra

854 4993 860 5021 ¹
874 4990 943 5055 sarr]
962 4990 1072 5050 suerunt,
1083 4989 1140 5040 ns.
