4350 6442
610 1206 855 1257 rnunsrmrrvr
879 1208 922 1255 or
946 1208 1015 1257 rnu
1040 1208 1146 1257 nursi·
1171 1211 1214 1257 or
1238 1208 1359 1257 nunni·
1383 1209 1430 1255 ru.
1480 1193 1544 1261 227

910 1504 1109 1573 DLXXXV.

630 1687 757 1751 Hsrur
782 1688 845 1752 III.
869 1706 912 1754 ro
936 1689 1152 1755 Lnuwumru
1176 1704 1221 1752 rr
1244 1687 1405 1754 Gsmrm.

693 1866 763 1929 (noe
775 1867 859 1920 cun.
871 1870 902 1918 47
917 1866 981 1917 Heu.
995 1867 1052 1929 111„
1064 1867 1157 1916 memb.
1173 1871 1202 1917 15
1214 1865 1240 1915 in
1252 1867 1349 1927 dorso.)

538 2024 609 2089 Rex
632 2024 797 2091 Lewolino
819 2025 889 2090 filio
913 2025 1054 2101 (ruffini,
1079 2025 1229 2090 salutem.
1556 2034 1617 2086 Dec
1630 2042 1670 2095 ss.

538 2126 621 2191 Cum
653 2127 705 2191 die
737 2127 901 2208 Mercurii,
934 2128 970 2191 in
1003 2125 1121 2214 vigilia
1153 2126 1189 2192 B.
1225 2125 1359 2190 Thomas
1393 2126 1542 2212 apostoli,
1558 2106 1628 2151 ¹²⁶²·

492 2228 744 2314 applicuerimus
767 2230 853 2317 apud
877 2229 1057 2295 Dovoriam
1092 2229 1165 2294 sani
1199 2233 1233 2295 et
1267 2227 1452 2305 incolumes,
1486 2227 1543 2293 ubi
1557 2194 1680 2324 3222&

492 2330 588 2395 nobis
619 2331 734 2396 extitit
765 2331 958 2397 intimatum
993 2331 1081 2418 quod
1111 2353 1172 2396 vos
1204 2335 1239 2396 et
1269 2330 1419 2396 homines
1441 2331 1543 2395 vestri
1555 2340 1622 2405 Ψ
1623 2341 1687 2441 (1ωῶ-

493 2432 588 2497 nobis
610 2434 717 2499 adhuc
744 2439 839 2499 extra
871 2456 1008 2520 regnum
1046 2439 1197 2500 nostrum
1231 2434 1407 2521 agentibus
1438 2407 1658 2509 costraiiffos

493 2537 699 2621 quorrmdam
726 2536 874 2601 fidelium
905 2520 1276 2601 nostrorum'marcbiae
1306 2540 1430 2601 nostrae
1452 2541 1689 2643 ⁰⁰⁰u'iieudehor

492 2640 603 2725 pastis,
627 2639 776 2705 homines
800 2634 929 2704 nostros
959 2644 993 2704 et
1025 2639 1205 2704 eorundem
1236 2638 1384 2703 fidebam
1416 2643 1544 2703 nostro·
1556 2659 1600 2710 the
1611 2667 1687 2710 truce.

491 2762 566 2805 rum
614 2742 759 2829 partium
806 2742 937 2806 illarum
976 2742 1213 2819 interficiendo,
1247 2740 1476 2827 depraedando,
1509 2745 1544 2806 et

492 2843 558 2908 alia
581 2844 728 2908 enormia
750 2845 790 2909 de
822 2844 875 2908 die
903 2844 939 2909 in
973 2844 1061 2910 diem
1094 2845 1189 2909 nobis
1220 2848 1255 2909 et
1286 2845 1333 2908 eis
1367 2842 1544 2921 inferendo,

492 2951 606 3010 contra
640 2946 776 3011 sormam
809 2951 1001 3034 treugarum
1032 2947 1122 3011 inter
1152 2968 1213 3011 nos
1235 2950 1270 3012 et
1292 2966 1352 3010 vos
1374 2945 1543 3027 initorum,

492 3047 533 3111 de
571 3071 636 3135 quo
673 3071 742 3113 non
780 3048 990 3114 mediocriter
1024 3049 1184 3113 miramur
1221 3052 1255 3113 et
1292 3069 1473 3125 movemur,
1505 3068 1543 3112 eo

492 3151 635 3216 maxime
659 3151 748 3237 quod
771 3151 831 3214 vix
855 3151 985 3216 credere
1016 3172 1184 3238 possemus
1216 3150 1304 3234 quod
1327 3148 1424 3215 homo
1446 3149 1542 3214 bonno

491 3252 568 3317 fidei
592 3258 707 3318 contra
729 3252 927 3318 fidelitatem
960 3259 994 3318 et
1023 3253 1249 3339 jurameutum
1273 3252 1439 3340 proprium
1462 3251 1544 3317 talia

491 3359 695 3437 attentaret;
726 3354 822 3420 vobis
854 3355 1050 3420 mandamus
1082 3361 1245 3441 quatenus
1268 3353 1543 3441 transgressiones

493 3457 700 3544 supradictas
722 3457 817 3522 nobis
840 3463 875 3523 et
898 3458 1019 3523 nostris
1043 3462 1158 3522 eontra
1189 3455 1328 3521 formam
1350 3461 1542 3543 treugarum

490 3561 723 3645 praedictarum
758 3560 868 3625 illatas
903 3582 978 3625 cum
1010 3560 1179 3625 celeritate
1209 3558 1338 3624 faciatis
1365 3557 1542 3634 emendari,

491 3663 640 3727 homines
663 3668 791 3727 vostros
812 3662 855 3728 ab
885 3661 1070 3749 hujusmodi
1096 3661 1227 3748 injuriis
1249 3661 1345 3726 nobis
1367 3667 1402 3726 et
1424 3660 1545 3726 nostris

489 3764 667 3830 inferendis
697 3764 895 3831 durantibus
926 3764 1052 3852 treugis
1086 3765 1244 3829 desistere
1279 3763 1438 3841 faciendo,
1469 3785 1543 3829 cum

491 3889 550 3931 nos
582 3874 715 3955 treugas
752 3866 826 3931 illas
856 3867 1016 3932 hactenus
1046 3866 1332 3933 observaverimus
1358 3888 1418 3952 pro
1449 3872 1543 3953 parto

492 3975 612 4051 nostra,
642 3976 676 4035 et
707 3992 761 4035 eas
784 3970 965 4035 secundum
995 3969 1132 4035 sormam
1164 3969 1341 4035 urrundem
1372 3968 1543 4033 observare

490 4072 619 4158 plenius
649 4073 867 4137 intendamus.
923 4072 968 4136 Et
998 4072 1078 4157 quid
1109 4095 1206 4160 super
1236 4071 1413 4158 praemissis
1439 4070 1542 4136 facere

489 4175 661 4239 volueritis
686 4175 781 4240 uobis
808 4196 882 4239 cum
907 4175 1076 4240 celeritate
1104 4175 1298 4240 rescribatis.

534 4278 630 4342 'sesto
653 4300 706 4342 mo
730 4278 801 4367 ipso
828 4276 916 4365 apud
938 4277 1126 4356 Dovoriam,
1149 4276 1464 4343 vicesimosecundo
1490 4275 1543 4339 die

493 4379 687 4444 Decembris,
