4350 6442
628 1178 670 1239 18
777 1188 892 1239 nomn
914 1190 988 1239 arn
1010 1191 1127 1239 ornan
1151 1190 1358 1240 msronrcaa
1382 1190 1532 1240 Lamnas

458 1387 609 1452 lprayyou
672 1365 851 1431 Serenitati
873 1370 991 1431 vestras
1023 1365 1230 1431 notificamus
1252 1365 1342 1450 quod
1363 1369 1480 1431 testate
1515 1362 1687 1451 praeterita

459 1460 587 1584 mali
626 1469 756 1534 fidelem
792 1469 970 1556 [nostrum]
1005 1468 1194 1534 Johannem
1225 1469 1429 1554 capellanum
1464 1467 1507 1533 ad
1539 1473 1686 1534 vestram

459 1586 594 1651 Laayear
628 1571 867 1658 prreseu[tiam]
900 1570 1140 1637 destinavimus
1172 1592 1246 1636 cum
1281 1572 1398 1635 exenio
1432 1575 1566 1650 nostr0;
1600 1569 1684 1655 quid

459 1651 607 1784 {ffissm’
627 1672 681 1738 vel
719 1673 815 1757 quale
846 1673 946 1737 fuerit
980 1672 1048 1758 ipse
1086 1671 1182 1736 vobis
1219 1672 1371 1757 explicet.
1433 1672 1556 1736 Verum
1595 1671 1686 1735 inter

460 1799 604 1852 massenger
627 1773 782 1839 fortuitos
805 1796 897 1839 casus
920 1775 1006 1838 varii
1028 1780 1108 1839 sunt
1131 1795 1240 1838 rerum
1271 1780 1418 1850 eventus,
1449 1773 1549 1838 obvia
1569 1772 1686 1837 nautis

459 1866 579 1970 {3¹20de
629 1878 712 1942 aeris
727 1876 946 1962 malignitate,
970 1881 1045 1962 post
1066 1876 1201 1963 longam
1216 1878 1324 1963 pelagi
1339 1877 1579 1942 oberrationem
1594 1875 1687 1963 apud

627 1977 848 2043 Frislandiam
874 1978 1022 2043 fecerunt
1045 1978 1276 2065 naufragium;
1307 1979 1356 2044 ita·
1391 1977 1480 2063 quod
1513 1999 1588 2043 cum
1623 1976 1684 2042 nli·

625 2080 745 2165 quibus
769 2103 812 2145 cx
834 2080 947 2145 nautis
970 2080 993 2145 ,J
996 2079 1169 2165 [ohannes]
1193 2081 1333 2145 nuncius
1355 2085 1468 2145 noster
1489 2080 1550 2145 vix
1573 2079 1685 2145 nudus

625 2185 738 2260 evasit,
755 2182 905 2269 pluribus
920 2182 967 2248 ibi
981 2182 1148 2248 nobilibus
1163 2183 1243 2248 viris
1258 2183 1441 2248 submersis
1473 2181 1686 2269 Quapropter

624 2285 822 2349 sublimitati
853 2288 972 2351 vestrae
1003 2285 1233 2371 supplicamus,
1272 2290 1312 2349 ut
1343 2285 1431 2371 quod
1462 2283 1505 2349 ad
1539 2305 1684 2370 praesens

625 2384 741 2451 honori
763 2392 873 2451 restro
896 2387 1161 2464 transmittimus,
1183 2386 1363 2453 honorifica
1394 2386 1545 2473 dignatio
1570 2393 1685 2453 aratra

623 2493 794 2574 gratanter
827 2489 993 2575 suscipiat,
1016 2510 1085 2554 nou
1117 2490 1338 2575 quantitatem
1372 2489 1459 2565 (loni,
1481 2489 1539 2554 sed
1568 2488 1684 2555 dantis

623 2597 886 2675 perseverantem
901 2592 1168 2657 benevolentiam
1183 2596 1365 2678 pensantes.
1412 2591 1559 2657 Johanni
1574 2592 1683 2677 capel·

623 2690 700 2758 lano
732 2693 821 2758 fideli
863 2698 976 2758 nostro
1009 2716 1107 2780 super
1139 2694 1190 2758 his
1231 2717 1305 2780 quar
1337 2694 1433 2760 vobis
1469 2694 1680 2760 intimaverit

624 2793 852 2861 eredulitatem
897 2794 1093 2873 adhibeatis,
1139 2797 1368 2863 indubitanter
1413 2797 1550 2862 scientes
1589 2796 1679 2881 quod

624 2897 789 2961 neminem
835 2898 1037 2965 excellentiae
1075 2905 1203 2969 vestrae,
1242 2899 1306 2964 nisi
1352 2904 1490 2986 experto
1534 2897 1679 2981 fidelem,

622 2998 802 3064 mittemus

995 3458 1276 3525 CCCCXXVIII.

916 3634 992 3697 Tus
1014 3648 1104 3699 sarrs
1126 3652 1169 3699 ro
1192 3651 1261 3699 rna
1284 3651 1379 3700 sarrs

969 3790 1062 3855 (Iloyal
1073 3790 1179 3849 letters,
1191 3791 1240 3842 No.
1255 3794 1324 3856 126.)

452 3919 605 3968 ¹2³⁷-¹2⁴⁰·
665 3914 878 3981 Serenissimo
894 3920 998 3986 amico
1014 3928 1049 3987 et
1063 3945 1178 4010 regum
1200 3924 1421 3988 illustrissimo
1438 3923 1591 4005 Heurioo,
1608 3925 1671 3991 Dei

617 4018 726 4107 matio
755 4020 894 4108 Angliae,
919 4021 1077 4110 S[oulius]
1102 4024 1215 4090 eadem
1238 4027 1345 4112 gnatia
1378 4026 1447 4091 dux
1479 4026 1673 4115 Norwegim,

616 4121 754 4187 salutem
779 4128 813 4187 et
836 4123 994 4190 sinceram
1018 4126 1235 4193 dilectionem.

447 4246 550 4300 mma
660 4223 711 4290 De
734 4225 860 4290 exeniis
883 4231 982 4312 atquc
994 4228 1157 4313 jocalibus
1181 4229 1275 4294 nobis
1290 4250 1377 4294 anno
1400 4229 1510 4316 elapso
1525 4252 1546 4295 a
1560 4236 1671 4296 vestm

446 4317 572 4434 lm&
614 4327 704 4412 regia
725 4328 902 4394 serenitate
925 4331 1133 4406 transmissis
1148 4338 1257 4418 gmtcs
1271 4331 1367 4396 nobis
1389 4332 1560 4397 referimus
1575 4332 1671 4398 uber-

445 4396 583 4509 basiano
613 4429 721 4507 riuras,
736 4431 881 4518 prompti
904 4435 938 4496 et
961 4434 1068 4518 patrati
1083 4434 1168 4499 velle
1191 4440 1338 4499 restrum
1361 4437 1395 4497 et
1419 4433 1668 4520 beneplacitum,

443 4516 569 4631 {21⁸3
612 4530 640 4593 si
662 4532 758 4597 nobis
772 4532 949 4619 aperiatur,
965 4556 1024 4620 pro
1040 4536 1132 4601 omni
1154 4559 1247 4623 posse
1269 4541 1383 4601 nostro
1406 4536 1593 4601 executioni
1614 4536 1670 4602 de-

443 4660 509 4708 your
520 4663 564 4696 ex·
611 4633 774 4698 rnandare.
821 4634 927 4720 Super
957 4637 1020 4702 hoe
1051 4639 1152 4704 etiam
1184 4639 1273 4724 quod
1302 4639 1398 4704 nobis
1420 4638 1527 4704 literis
1554 4639 1669 4704 vestris

442 4712 594 4775 placatione.
609 4731 818 4819 significastis
832 4736 1143 4805 confoederstionem
1166 4742 1253 4806 inter
1275 4739 1533 4805 illustrissimum
1557 4762 1667 4827 regem

609 4838 643 4898 et
674 4839 802 4921 patrem
824 4844 971 4906 vostrum
993 4848 1028 4907 et
1049 4864 1110 4907 nos
1133 4843 1281 4909 habitam
1304 4865 1363 4908 vos
1385 4841 1469 4907 velle
1499 4841 1668 4919 innovare,

606 4934 727 5003 hilares
749 4938 827 5005 iacti
850 4964 963 5009 sumus
984 4950 1019 5009 et
1048 4944 1195 5027 jocundi,
1229 4946 1316 5011 idem
1350 4967 1392 5009 ox
1423 4950 1517 5031 parto
1553 4950 1668 5011 nostra

605 5036 728 5125 absque
750 5043 840 5108 omni
863 5046 1016 5133 scrupulo
1038 5053 1150 5113 tenere
1165 5054 1200 5114 et
1222 5047 1462 5114 inviolabiliter
1486 5046 1662 5113 observare

604 5142 781 5229 cupientes.
