4350 6442
617 1176 868 1230 rmusraarrva
889 1180 934 1228 or
955 1180 1026 1229 rna
1048 1179 1157 1230 aaron
1180 1180 1226 1229 or
1247 1179 1370 1233 amar
1391 1179 1442 1228 na
1488 1164 1551 1230 3³1

505 1355 635 1436 dentur,
665 1359 765 1443 prout
797 1357 838 1421 de
861 1355 938 1440 jura
969 1361 1005 1424 et
1034 1357 1216 1424 secundum
1238 1356 1343 1443 legem
1364 1359 1400 1422 at
1422 1377 1555 1422 consue·

504 1458 653 1524 tudinem
675 1458 770 1546 regni
792 1458 897 1524 nostri
918 1458 1021 1525 fucrit
1042 1460 1236 1526 faciendum

550 1560 593 1625 In
626 1561 719 1647 cujus
752 1560 800 1626 rei
830 1558 1060 1628 testimonium
1087 1562 1148 1627 has
1179 1563 1292 1630 literas
1325 1565 1455 1628 nostras
1484 1560 1556 1626 fieri

505 1663 640 1728 fecimus
661 1666 822 1750 patentes,
867 1662 902 1728 Τ.

923 2098 1146 2165 DOLXXIII.

509 2247 640 2312 Hauar
656 2246 722 2313 III.
738 2264 782 2312 ro
804 2246 971 2313 Wmmu
993 2263 1040 2311 na
1062 2246 1201 2327 Bonan,
1225 2248 1322 2315 Esar
1344 2265 1388 2314 oa
1410 2249 1556 2317 Unsraa

857 2381 952 2446 (noyn
965 2381 1070 2442 ratam,
1082 2381 1131 2432 ao.
1145 2385 1215 2445 rar.)

555 2493 760 2580 H[enricus],
794 2493 858 2559 Dei
891 2493 1010 2581 gratia,
1048 2499 1118 2575 etc,
1156 2493 1276 2560 dilecto
1309 2500 1344 2560 et
1376 2495 1467 2560 fideli
1500 2508 1685 2571 cucuma,

510 2597 707 2683 wfirrermo]
729 2598 770 2662 aa
785 2597 905 2684 surgo,
929 2597 1043 2662 comio
1065 2596 1224 2674 urana,
1247 2597 1394 2664 annam.
1574 2580 1647 2628 ¹²⁶⁹·

555 2700 648 2778 Cum,
671 2707 817 2786 tempore
840 2721 905 2785 quo
935 2699 1087 2765 dedimus
1116 2700 1282 2766 carissmo
1303 2701 1372 2765 filio
1395 2701 1560 2768 Edwardo
1572 2711 1631 2762 Yon
1640 2711 1706 2790 have

511 2803 729 2892 primogenito
751 2808 864 2868 nostro
887 2807 1010 2867 terram
1041 2801 1228 2888 Hybemiae
1249 2825 1324 2868 cum
1354 2805 1563 2890 pertinentiis
1573 2778 1714 2911 fflffiy

514 2905 762 2971 retinuissemus
793 2904 829 2968 in
861 2925 996 2968 manum
1019 2911 1169 2970 nostram
1196 2926 1322 2970 croceas
1352 2907 1562 2994 archiepisco-
1574 2911 1657 2962 virtue
1667 2913 1697 2963 of

512 3014 659 3095 patirum,
672 3008 930 3095 episcopatuum,
940 3011 975 3072 et
990 3007 1199 3072 abbatiarum
1215 3014 1311 3074 terrae
1322 3009 1497 3095 praedictae,
1505 3033 1563 3097 per
1574 2980 1711 3096 {3355ss

512 3111 600 3198 quod
620 3110 817 3176 vacantibus
838 3108 1179 3196 archiepiscopatibus,
1193 3110 1442 3203 episcopatibus,
1457 3118 1491 3178 et
1505 3113 1562 3178 ab·
1575 3112 1728 3177 thebiahops

511 3214 612 3279 batiis
633 3212 801 3299 praedictis
822 3211 1007 3276 custodiam
1030 3210 1179 3278 omnium
1197 3213 1426 3299 temporalium
1448 3179 1724 3298 somn-iiiii&

514 3317 588 3382 dem
602 3321 749 3403 tempore
761 3315 941 3382 vacationis
952 3313 1111 3380 habemus
1126 3319 1161 3379 et
1176 3315 1378 3401 temporibus
1392 3318 1564 3383 retroactis

513 3419 699 3499 habuimus,
721 3422 820 3504 prout
854 3417 897 3481 ad
920 3416 1045 3503 regiam
1070 3416 1270 3504 dignitatem
1296 3421 1442 3484 nostrum
1464 3423 1499 3485 at
1520 3421 1563 3485 ad

514 3543 666 3589 eoronam
696 3520 829 3607 anglia
866 3520 1019 3606 pertinet,
1043 3541 1082 3584 ac
1116 3525 1153 3584 tu
1192 3520 1357 3586 occasione
1394 3522 1564 3607 cujusdam

513 3624 717 3690 feoffamenti
752 3621 842 3708 quod
889 3622 1068 3709 praedictus
1105 3621 1291 3687 Edwardus
1329 3624 1565 3713 primogenitus

514 3733 625 3793 noster
657 3725 721 3790 tibi
750 3724 828 3789 fecit
850 3724 891 3789 de
921 3724 1083 3790 comitatu
1106 3722 1265 3805 Ulto'niae,
1288 3727 1562 3815 archiepiscopum

515 3828 792 3905 Ardmachanum,
809 3826 985 3913 episcopos,
1000 3831 1036 3891 et
1058 3826 1197 3892 abbates
1218 3829 1395 3895 comitatus
1418 3830 1566 3916 praedicti

516 3933 559 3997 ad
580 3938 674 3996 tuam
696 3929 801 3994 trahis
824 3928 956 4005 curiam,
979 3928 1067 4014 ipsos
1090 3929 1212 3995 ibidem
1234 3935 1401 3996 eteorum
1416 3937 1567 3999 tenentes

516 4035 664 4100 homines
685 4037 720 4097 et
742 4031 903 4110 subditos,
918 4030 996 4096 licet
1011 4031 1146 4111 invitos,
1162 4031 1204 4097 da
1222 4035 1420 4100 tenementis
1442 4036 1510 4101 suis
1532 4042 1566 4102 et

517 4137 590 4202 aliis
613 4135 741 4222 placitis
763 4134 806 4198 ad
829 4132 1028 4219 dignitatern
1053 4133 1178 4220 regiam
1200 4139 1235 4201 et
1255 4136 1299 4200 ad
1320 4157 1472 4202 coronam
1493 4160 1567 4205 nos-

517 4247 604 4305 tram
626 4236 859 4324 spectantibus,
881 4257 920 4300 ac
941 4235 970 4300 si
991 4235 1057 4301 tibi
1079 4235 1270 4303 immediate
1291 4242 1401 4304 essent
1420 4240 1568 4326 subjecti,

518 4365 592 4407 oum
614 4361 681 4404 non
703 4339 780 4414 sint,
796 4336 990 4423 respondere
1012 4337 1197 4424 compellas,
1219 4344 1255 4405 et
1280 4341 1445 4407 custodias
1466 4341 1567 4408 abba·

517 4445 641 4508 tiaram
663 4440 750 4505 infra
764 4440 904 4505 eundem
920 4439 1113 4505 comitatum
1129 4462 1202 4506 curn
1217 4445 1408 4509 vacaverint
1423 4467 1566 4533 usurpes,

518 4545 766 4611 amerciamenta
792 4542 835 4607 ab
857 4541 980 4608 eisdem
995 4542 1141 4629 praelatis
1164 4564 1222 4630 pro
1244 4549 1314 4611 tuae
1335 4545 1431 4612 libito
1454 4549 1569 4613 volun-

518 4648 600 4713 tatis
621 4644 855 4732 extorquendo,
871 4649 906 4709 et
920 4644 986 4709 alia
1011 4646 1132 4710 damna
1156 4648 1303 4712 enormia
1324 4649 1371 4714 eis
1392 4649 1567 4741 inferenda,

519 4751 555 4815 in
577 4747 681 4815 nostri
712 4746 938 4835 praejudioium
970 4750 1004 4812 et
1035 4747 1322 4816 exheredationem
1352 4752 1569 4835 manifestam,

521 4851 610 4939 quod
625 4851 785 4916 sustinere
800 4851 961 4927 nolumus,
970 4849 1056 4916 sicut
1071 4873 1130 4916 nec
1145 4851 1322 4935 debemus3
1338 4856 1570 4942 propterquod

521 4955 715 5021 mandamus
737 4953 798 5019 tibi
822 4951 909 5039 quod
932 4953 975 5018 ab
996 4953 1127 5039 injuriis
1158 4960 1192 5020 et
1220 4957 1468 5042 gravaminibus
1489 4981 1571 5045 prae·

460 5095 465 5104 ·
522 5056 620 5123 dictis
642 5055 774 5142 penitus
796 5055 945 5132 desistas,
967 5060 1003 5121 et
1024 5056 1182 5142 praefatos
1204 5057 1490 5147 archiepiscopum,
1505 5062 1572 5148 epi·
