4350 6442
1002 1243 1180 1294 aermon
1204 1245 1253 1294 ΙΙΙ.

994 1786 1181 1853 Ariminus
1204 1785 1270 1854 III.

641 1965 827 2022 comanos
845 1981 1018 2022 mesonma
1038 1967 1108 2023 Sorr
1127 1983 1159 2022 nr
1177 1982 1233 2023 rm
1251 1968 1405 2024 Bnonm
1422 1968 1546 2038 Οοιιιτι,
1566 1985 1625 2026 ιιι»

1007 2070 1102 2110 ornan
1119 2070 1255 2110 narses.

765 2181 837 2246 (Rot.
848 2180 931 2232 Cleua
943 2187 976 2232 44
988 2180 1054 2232 Hen.
1067 2182 1161 2247 111.‚p.
1176 2189 1198 2244 l,
1209 2184 1300 2234 memb.
1315 2188 1344 2235 17
1356 2184 1384 2234 in
1395 2183 1491 2249 dorso.)

435 2297 591 2351 Oettalasn
637 2285 723 2342 Anno
744 2285 781 2340 ab
799 2285 997 2340 incarnatione
1016 2284 1135 2339 Domini
1163 2286 1320 2342 millesimo
1348 2286 1551 2343 ducentesimo
1575 2289 1661 2360 quin·

603 2369 774 2442 quagesimo
791 2385 876 2433 nono,
889 2369 976 2441 regni
987 2375 1084 2424 autem
1099 2369 1221 2424 Henrici
1239 2371 1320 2442 regis
1338 2369 1393 2426 filii
1411 2370 1493 2442 regis
1512 2371 1660 2428 Johannis

603 2453 828 2525 quadragesimo
844 2454 941 2516 tertio,
961 2453 1202 2509 convenientibus
1220 2453 1299 2525 apud
1312 2455 1610 2511 westmonasterium
1628 2459 1660 2512 in

604 2537 756 2606 Quindena
774 2535 805 2591 S.
825 2536 980 2591 Michaelis
998 2536 1063 2608 ipso
1081 2534 1198 2591 domino
1223 2555 1294 2608 rege
1320 2542 1351 2593 et
1375 2538 1566 2609 magnatibus
1584 2541 1658 2604 suis,

603 2621 639 2676 de
658 2621 805 2675 communi
823 2619 945 2675 consilio
963 2625 994 2674 et
1010 2636 1154 2674 consensu
1172 2619 1318 2675 dictorum
1336 2621 1417 2692 regis
1435 2627 1466 2677 et
1483 2631 1658 2694 magnatum

602 2704 686 2758 lactae
704 2709 773 2757 sunt
785 2703 966 2774 provisiones
984 2702 1158 2774 subscriptae
1170 2720 1223 2774 per
1234 2704 1314 2775 ipsos
1332 2721 1435 2776 regem
1448 2711 1479 2761 et
1489 2712 1657 2779 magnates,

600 2793 631 2842 ct
667 2787 829 2842 ublioatoe'
821 2805 853 2841 m
870 2787 948 2842 hunc
965 2786 1105 2842 modum:
1099 2810 1144 2826 ·-

432 2875 564 2970 making·
637 2805 681 2925 lle
700 2871 788 2925 sectis
807 2870 947 2926 iaciendis
974 2869 1011 2925 ad
1038 2871 1151 2925 curiam
1175 2877 1345 2942 magnatum
1369 2878 1401 2928 et
1417 2873 1546 2929 aliorum
1564 2873 1658 2931 domi·

432 2927 582 3022 nomm
600 2972 705 3010 norum
722 2955 853 3026 ipsarum
871 2955 1021 3010 curiarum
1033 2955 1185 3026 provisum
1197 2962 1243 3010 est
1261 2962 1291 3010 at
1308 2956 1492 3012 concorditer
1509 2963 1655 3014 statutum

431 3028 589 3128 ssffaeflfflr
600 3038 679 3110 quod
695 3038 805 3104 nullus,
826 3039 877 3108 qui
895 3056 949 3109 per
966 3043 1076 3092 cartam
1102 3039 1236 3094 focilatus
1263 3046 1317 3103 est,
1337 3039 1543 3139 distinguor
1554 3042 1592 3096 de
1609 3059 1657 3098 oe-

430 3133 542 3190 panerio
599 3131 663 3179 tero
689 3123 727 3177 ad
754 3128 864 3178 sectam
892 3121 1054 3177 taciendam
1081 3122 1118 3176 ad
1143 3124 1256 3178 curiam
1282 3124 1393 3179 domini
1422 3126 1479 3189 sui,
1512 3126 1572 3181 nisi
1600 3143 1656 3197 per

431 3181 489 3224 Μ
599 3209 724 3262 sormam
742 3215 830 3261 oartae
856 3224 917 3261 sum
944 3206 1113 3276 specialiter
1131 3213 1265 3261 teneatur
1284 3207 1322 3262 ad
1339 3214 1451 3264 sectam
1477 3209 1653 3276 faciendam,

598 3291 645 3345 his
673 3297 770 3344 tamen
797 3290 927 3360 exceptis
952 3307 1079 3359 quorum
1106 3295 1305 3345 antecessores
1329 3291 1377 3345 vel
1403 3293 1524 3363 ipsimet
1551 3294 1655 3364 hujus·

597 3374 676 3428 modi
695 3380 806 3428 sectam
818 3375 913 3428 secere
925 3381 1149 3437 consueverunt,
1164 3380 1230 3428 ante
1243 3375 1368 3445 primam
1381 3377 1653 3433 transfretationem

596 3459 668 3513 dicti
699 3457 809 3511 domini
840 3458 920 3527 regis
946 3457 978 3510 in
996 3457 1191 3520 Britanniam,
1215 3463 1382 3529 atempore
1401 3461 1486 3530 cujus
1511 3463 1653 3518 manaste-

597 3541 715 3598 tationis
744 3541 836 3611 clapsi
858 3542 977 3595 suerunt
1009 3541 1118 3611 viginti
1146 3550 1176 3595 et
1201 3559 1305 3595 norem
1333 3545 1400 3597 anni
1427 3553 1457 3598 et
1483 3545 1650 3610 dimidium,

597 3636 729 3697 tempore
757 3643 815 3695 quo
843 3625 905 3678 haec
931 3624 1103 3679 constitutio
1132 3625 1208 3679 sacta
1236 3627 1300 3680 suit.
1338 3627 1376 3682 Et
1395 3629 1533 3683 similiter
1551 3631 1651 3685 nullus

596 3710 728 3764 feoffatus
756 3709 818 3762 sine
846 3714 926 3761 carta
952 3726 970 3761 a
997 3714 1128 3778 tempore
1154 3717 1348 3778 conquestus.
1371 3711 1417 3764 rel
1444 3712 1501 3765 alio
1528 3714 1651 3784 antiquo

596 3793 790 3853 feoffament0‚
812 3792 1008 3862 distringatur
1026 3791 1064 3845 ad
1083 3791 1250 3862 hujusmodi
1271 3803 1380 3848 sectam
1400 3796 1573 3859 taciendam,
1594 3800 1652 3854 nisi

510 3876 512 3881 ’
595 3878 657 3947 ipse
671 3876 717 3929 rel
737 3883 934 3930 antecessores
954 3876 999 3929 sui
1014 3893 1077 3928 eam
1093 3876 1188 3929 iacere
1201 3887 1422 3941 consueverunt,
1437 3890 1503 3934 ante
1523 3882 1650 3951 primam

594 3960 860 4013 transfretationem
886 3959 957 4012 dicti
976 3958 1086 4012 domini
1106 3961 1186 4029 regis
1206 3961 1236 4012 in
1256 3960 1447 4015 Britanniam.

426 4051 537 4143 Ariaspe
629 4044 667 4097 Et
686 4044 712 4096 si
731 4041 878 4096 hereditas
897 4042 1005 4113 aliqua,
1026 4042 1061 4096 de
1081 4061 1140 4111 qua
1164 4053 1276 4097 tantum
1302 4063 1360 4098 nna
1378 4054 1457 4100 secta
1475 4047 1647 4113 debebatur,

425 4107 557 4198 ἓξὲοξόῐ
593 4127 629 4181 ad
647 4128 747 4198 plures
766 4126 888 4180 heredes
908 4127 1066 4197 participes
1083 4127 1213 4197 ejusdem
1227 4128 1407 4187 devolvatur.
1421 4130 1471 4184 ille
1489 4134 1541 4202 qui
1560 4133 1651 4188 habet

425 4203 491 4245 ’Μ
592 4213 748 4265 einesciam
774 4210 945 4264 hereditatis
973 4210 1054 4263 illius
1081 4212 1197 4264 unicam
1232 4212 1318 4265 saciat
1344 4222 1453 4267 sectam
1478 4232 1531 4285 pro
1557 4235 1589 4270 sc
1619 4226 1649 4273 et

592 4295 784 4366 participibus
813 4294 884 4357 suis,
906 4304 935 4348 et
960 4295 1118 4364 participes
1146 4295 1191 4348 sui
1219 4312 1272 4364 pro
1298 4297 1429 4366 portione
1458 4317 1511 4352 sua
1538 4305 1647 4357 contri·

592 4379 682 4432 buant
708 4379 745 4432 ad
771 4386 879 4433 sectam
905 4378 986 4432 illam
1007 4378 1178 4431 faciendam.
1213 4378 1358 4432 Similiter
1376 4382 1474 4443 etiam,
1497 4383 1522 4437 si
1544 4385 1645 4455 plnres

592 4463 699 4516 seoffati
726 4464 835 4515 suerint
861 4462 897 4514 de
925 4461 1087 4515 hereditate
1114 4462 1212 4532 aliqua
1239 4462 1276 4516 de
1303 4481 1360 4533 qua
1388 4466 1473 4518 unios
1492 4480 1572 4521 secta
1597 4470 1646 4523 dc·

591 4547 723 4604 bebatur.
744 4546 878 4599 dominus
907 4545 987 4599 illius
1006 4545 1084 4599 leodi
1104 4546 1219 4599 unicam
1238 4546 1342 4601 habeat
1363 4548 1569 4616 inclamatam,
1591 4573 1644 4609 nec

591 4632 681 4699 possit
701 4629 736 4683 de
754 4629 894 4699 praedicta
912 4629 1074 4683 hereditate
1091 4631 1147 4683 nisi
1168 4632 1281 4684 unicam
1295 4640 1404 4685 sectam
1423 4636 1550 4705 exigere.
1566 4640 1645 4694 sieut

591 4714 653 4765 tieri
673 4714 754 4782 prius
773 4713 933 4765 consuerit.
954 4712 1036 4766 Etsi
1056 4713 1164 4767 seotl'ati
1184 4714 1228 4767 illi
1248 4724 1425 4770 warrantum
1445 4718 1492 4771 rel
1511 4721 1642 4777 medium

589 4814 645 4849 non
671 4796 803 4855 habeant,
838 4796 888 4865 qui
921 4795 988 4850 inde
1025 4813 1074 4849 eos
1106 4798 1272 4868 acquietare
1303 4798 1417 4860 debeat.
1445 4808 1514 4857 tunc
1540 4823 1643 4862 omnes

589 4880 697 4933 seoffati
716 4879 901 4933 contribuant
913 4897 966 4949 pro
980 4881 1112 4950 portione
1132 4899 1185 4935 sua
1197 4881 1233 4934 ad
1248 4889 1357 4936 sectam
1372 4883 1453 4938 illam
1467 4886 1640 4946 faciendam

421 4966 555 5020 rtem
625 4963 656 5016 Si
676 4974 773 5015 autem
790 4963 944 5057 contingat
963 4964 1040 5033 quod
1059 4964 1170 5018 domini
1192 4967 1283 5019 euriae
1302 4977 1434 5022 tenentes
1454 4987 1522 5024 suos
1540 4985 1643 5029 oonm

420 5018 562 5123 ἓὲξέξ,
587 5046 661 5099 hane
687 5047 882 5115 provisionem
909 5065 962 5116 pro
987 5047 1157 5116 hujusmodi
1184 5058 1263 5103 secta
1290 5050 1335 5103 dis
1323 5053 1477 5121 tringmt
1504 5063 1573 5110 tunc
1605 5059 1642 5112 sd

421 5117 492 5163 Μ
588 5130 798 5199 querimoniam
818 5132 981 5184 tenentium
1008 5130 1128 5184 illorum
1150 5131 1354 5197 anschisum,
1375 5135 1454 5204 quod
1472 5137 1508 5190 ad
1527 5142 1640 5195 curiam
