4350 6442
632 1209 699 1272 290
788 1223 902 1273 norun
921 1223 995 1272 mn
1015 1224 1131 1273 orsus
1153 1222 1359 1273 muromcsu
1380 1223 1528 1273 uurrms

633 1397 771 1483 Bsyllol,
809 1398 970 1463 deulfus
1000 1400 1041 1463 de
1078 1398 1250 1485 Lymoeey,
1285 1400 1385 1486 Hugo
1414 1399 1454 1463 de
1484 1396 1676 1471 Oulewithe,

630 1500 785 1564 Nioholss
826 1501 866 1565 de
906 1501 1019 1578 Bosoo,
1062 1501 1165 1589 Hugo
1205 1501 1320 1582 Wske,
1357 1501 1527 1566 Johsnnes
1573 1498 1679 1563 Filius

632 1601 778 1679 walteri,
803 1601 988 1667 willelmus
1017 1602 1059 1668 de
1085 1603 1119 1666 ls
1142 1602 1238 1679 Ceue,
1262 1603 1434 1689 Philippus
1459 1602 1500 1666 de
1523 1599 1676 1686 Heyvile

632 1703 731 1791 Hugo
760 1704 802 1768 de
830 1705 981 1782 iraham,
1005 1703 1062 1770 M}
1087 1704 1129 1770 de
1160 1705 1375 1781 Caudewelle
1404 1703 1550 1784 milites;
1589 1700 1680 1766 wal-

629 1812 719 1871 tems
748 1808 790 1873 de
820 1807 1023 1889 Barkosvile,
1054 1807 1211 1872 Nicholss
1232 1808 1263 1872 le
1285 1807 1420 1887 Archer,
1442 1807 1615 1872 Johsnnes
1636 1803 1678 1868 de

630 1908 734 1994 Bony,
766 1908 927 1974 Riourdus
963 1911 1005 1976 (le
1041 1910 1223 1997 Hauering,
1253 1910 1423 1975 Johsnnae
1459 1908 1557 1995 Pege,
1595 1904 1679 1972 wil-

627 2010 745 2077 lelmus
776 2011 995 2090 Camerarius,
1033 2011 1202 2078 walterus
1238 2012 1279 2077 de
1296 2023 1302 2029 ’
1317 2011 1495 2089 Iondonin
1532 2008 1677 2085 clericus,

627 2112 769 2179 Th0mus
805 2115 847 2180 de
880 2115 1063 2192 Wintonis,
1098 2114 1242 2192 ulerious,
1281 2114 1446 2179 walterus
1482 2112 1524 2178 de
1565 2111 1677 2186 Glene.

627 2214 796 2280 Gulfiidus
822 2217 864 2281 (lo
889 2216 1074 2296 Orulsfend,
1097 2216 1268 2282 Johsnnes
1290 2216 1405 2293 Luvel,
1423 2214 1590 2281 Roberlus
1611 2213 1677 2279 Lu-

627 2319 690 2398 vel
714 2319 856 2385 Thomas
886 2319 998 2396 Luvel,
1030 2319 1191 2384 Rimrdus
1220 2319 1261 2385 de
1292 2318 1326 2384 S
1354 2317 1517 2395 Johsme,
1548 2314 1675 2380 valetti

626 2421 824 2507 Apponstur
861 2422 994 2507 insuper
1029 2421 1065 2484 in
1103 2421 1199 2486 litera
1235 2420 1347 2486 oomiti
1377 2419 1558 2508 dirigenda,
1587 2417 1677 2505 quod

626 2523 737 2588 nullus
762 2545 902 2610 rognum
934 2529 1032 2589 exest
1060 2523 1127 2588 nisi
1149 2547 1170 2590 u
1193 2523 1326 2589 domino
1348 2529 1461 2589 nostro
1490 2544 1548 2589 seu
1578 2520 1676 2586 nobis

624 2646 721 2710 super
750 2625 811 2690 hoo
832 2625 1029 2691 mandatum
1056 2626 1180 2691 hsbest
1208 2625 1355 2713 speeisle
1399 2625 1446 2690 Et
1475 2625 1541 2691 ists
1570 2622 1675 2689 lsoere

625 2727 815 2792 nullatenus
830 2728 1003 2794 omittetis
1046 2727 1174 2793 Valete.

670 2829 796 2895 Datum
827 2828 972 2908 Costriae,
1000 2830 1155 2896 vioesimo
1177 2834 1296 2915 quurto
1318 2829 1371 2894 die
1399 2827 1555 2915 Augusti,
1585 2847 1674 2892 suno

626 2931 720 3019 regni
741 2931 868 2997 domini
889 2932 976 3021 regis
997 2933 1103 3021 putris
1124 2932 1231 2997 nostri
1252 2931 1500 3019 quadragesimo
1520 2951 1617 2995 nono

669 3034 756 3100 Item
779 3036 970 3103 thesaurum
995 3041 1160 3124 repertum
1182 3035 1219 3100 in
1241 3041 1347 3102 oestro
1369 3033 1529 3101 Dovoriae
1544 3032 1674 3101 facistis

622 3137 786 3204 arrestari

1041 3484 1262 3553 Dcxxm

814 3633 944 3700 snm
966 3632 1029 3698 HL
1052 3650 1097 3699 ro
1119 3633 1234 3701 Suros
1257 3649 1304 3697 ns
1325 3631 1475 3698 summ

969 3770 1239 3836 (summersus
1250 3773 1322 3834 ⁴³1.)

568 3931 577 3957 ‚
667 3879 871 3967 H[snrieus]‚
894 3883 961 3948 Dei
982 3885 1093 3971 gratis
1115 3906 1176 3949 rex
1197 3883 1338 3970 Angliae,
1369 3883 1522 3948 (lominus
1546 3881 1668 3947 Hiber·

520 3996 527 4011 ·
621 3982 695 4064 niso,
716 3990 753 4050 et
781 3984 852 4050 dux
881 3987 1107 4072 Aquitunniae,
1137 3986 1258 4052 dilecto
1279 3993 1315 4053 et
1336 3986 1428 4052 fideli
1449 4007 1509 4051 suo
1539 3984 1669 4051 Simoni

620 4085 662 4151 do
684 4085 717 4152 S.
747 4086 846 4166 Liuio,
876 4090 1044 4177 assignato
1074 4089 1119 4155 sd
1148 4090 1297 4178 querelas
1328 4096 1363 4155 ot
1391 4089 1668 4176 transgressiones

619 4189 802 4255 audiendas
838 4197 874 4256 et
917 4192 1124 4280 oorrigendss
1159 4194 1197 4257 in
1241 4191 1401 4258 oomitetu
1446 4189 1667 4278 Bukinghsm,

618 4290 769 4358 sulutem

453 4396 555 4478 Pfoteet
664 4392 898 4479 Cumquidnm
919 4396 1064 4462 filiorum
1079 4397 1220 4462 Jordsni
1241 4398 1283 4462 ds
1303 4395 1667 4483 Aruubusmsgistrum

451 4463 605 4588 fffflffie
619 4493 784 4582 Rogemm
812 4499 854 4564 de
883 4499 995 4577 Stolro,
1026 4521 1199 4586 personum
1229 4499 1370 4565 eoelosiae
1400 4498 1442 4564 de
1472 4497 1665 4585 (lippeham,

452 4595 555 4664 *lusos
617 4604 651 4660 et
681 4598 833 4665 olerieum
871 4600 1003 4667 Riourdi
1040 4603 1126 4688 regis
1156 4601 1363 4668 Alemonniae
1399 4599 1512 4665 lrotris
1549 4601 1665 4678 nostri,

451 4662 588 4753 penny.
616 4719 729 4784 nuper,
759 4704 926 4769 ooossioue
955 4704 1156 4770 turbationis
1187 4705 1310 4770 hobitae
1339 4705 1376 4768 in
1405 4725 1506 4790 regno
1541 4709 1665 4777 nostro,

615 4807 763 4891 ceperint
787 4816 822 4875 et
847 4811 1142 4899 imprisonsverint,
1159 4818 1195 4879 el
1216 4814 1258 4878 sd
1280 4835 1315 4878 so
1336 4812 1561 4877 redimendum
1576 4833 1665 4875 oom-

971 5110 1301 5179 ¹n1omwnuns.
