<?xml version="1.0" encoding="UTF-8"?>
<!DOCTYPE html PUBLIC "-//W3C//DTD XHTML 1.0 Transitional//EN"
    "http://www.w3.org/TR/xhtml1/DTD/xhtml1-transitional.dtd">
<html xmlns="http://www.w3.org/1999/xhtml" xml:lang="en" lang="en">
 <head>
  <title>
</title>
<meta http-equiv="Content-Type" content="text/html;charset=utf-8" />
  <meta name='ocr-system' content='tesseract 3.04.00' />
  <meta name='ocr-capabilities' content='ocr_page ocr_carea ocr_par ocr_line ocrx_word'/>
</head>
<body>
  <div class='ocr_page' id='page_1' title='image "./royalandotherhi00henrgoog_0217.png"; bbox 0 0 4350 6442; ppageno 0'>
   <div class='ocr_carea' id='block_1_1' title="bbox 662 1163 1605 1262">
    <p class='ocr_par' dir='ltr' id='par_1_1' title="bbox 662 1163 1605 1262">
     <span class='ocr_line' id='line_1_1' title="bbox 662 1163 1605 1262; baseline 0.003 -27"><span class='ocrx_word' id='word_1_1' title='bbox 662 1184 915 1238; x_wconf 76' lang='lat' dir='ltr'><strong>naus‘rasrrva</strong></span> <span class='ocrx_word' id='word_1_2' title='bbox 937 1187 981 1237; x_wconf 85' lang='lat' dir='ltr'><strong>or</strong></span> <span class='ocrx_word' id='word_1_3' title='bbox 1004 1187 1074 1237; x_wconf 81' lang='lat' dir='ltr'><strong>rna</strong></span> <span class='ocrx_word' id='word_1_4' title='bbox 1097 1189 1206 1238; x_wconf 81' lang='lat' dir='ltr'><strong>sumn</strong></span> <span class='ocrx_word' id='word_1_5' title='bbox 1229 1188 1272 1237; x_wconf 84' lang='lat' dir='ltr'><strong>or</strong></span> <span class='ocrx_word' id='word_1_6' title='bbox 1296 1163 1418 1262; x_wconf 77' lang='lat' dir='ltr'><strong>nanuv</strong></span> <span class='ocrx_word' id='word_1_7' title='bbox 1442 1188 1493 1237; x_wconf 91' lang='lat'><em>111.</em></span> <span class='ocrx_word' id='word_1_8' title='bbox 1540 1172 1605 1238; x_wconf 85' lang='grc'><strong>139</strong></span> 
     </span>
    </p>
   </div>
   <div class='ocr_carea' id='block_1_2' title="bbox 550 1358 1613 5151">
    <p class='ocr_par' dir='ltr' id='par_1_2' title="bbox 550 1358 1613 3606">
     <span class='ocr_line' id='line_1_2' title="bbox 550 1358 1608 1448; baseline 0 -24"><span class='ocrx_word' id='word_1_9' title='bbox 550 1360 708 1443; x_wconf 89' lang='lat' dir='ltr'><strong>providus</strong></span> <span class='ocrx_word' id='word_1_10' title='bbox 746 1365 781 1426; x_wconf 92' lang='lat' dir='ltr'><strong>et</strong></span> <span class='ocrx_word' id='word_1_11' title='bbox 825 1361 1087 1448; x_wconf 71' lang='lat' dir='ltr'><strong>cneumspeetus,</strong></span> <span class='ocrx_word' id='word_1_12' title='bbox 1127 1360 1217 1448; x_wconf 88' lang='lat' dir='ltr'><strong>pacis</strong></span> <span class='ocrx_word' id='word_1_13' title='bbox 1261 1383 1300 1426; x_wconf 89' lang='lat' dir='ltr'><strong>ao</strong></span> <span class='ocrx_word' id='word_1_14' title='bbox 1336 1358 1518 1426; x_wconf 76' lang='lat' dir='ltr'><strong>concordiae</strong></span> <span class='ocrx_word' id='word_1_15' title='bbox 1556 1379 1608 1424; x_wconf 80' lang='lat' dir='ltr'><strong>ae-</strong></span> 
     </span>
     <span class='ocr_line' id='line_1_3' title="bbox 550 1461 1609 1551; baseline 0.001 -25"><span class='ocrx_word' id='word_1_16' title='bbox 550 1461 644 1540; x_wconf 88' lang='lat' dir='ltr'><strong>lator,</strong></span> <span class='ocrx_word' id='word_1_17' title='bbox 666 1486 742 1529; x_wconf 89' lang='lat' dir='ltr'><strong>eum</strong></span> <span class='ocrx_word' id='word_1_18' title='bbox 774 1465 883 1530; x_wconf 89' lang='lat' dir='ltr'><strong>multa</strong></span> <span class='ocrx_word' id='word_1_19' title='bbox 914 1464 1123 1551; x_wconf 80' lang='lat' dir='ltr'><strong>benignitate</strong></span> <span class='ocrx_word' id='word_1_20' title='bbox 1157 1468 1191 1530; x_wconf 90' lang='lat' dir='ltr'><strong>et</strong></span> <span class='ocrx_word' id='word_1_21' title='bbox 1221 1462 1475 1529; x_wconf 88' lang='lat' dir='ltr'><strong>mansuetudine</strong></span> <span class='ocrx_word' id='word_1_22' title='bbox 1497 1482 1609 1548; x_wconf 88' lang='lat' dir='ltr'><strong>preces</strong></span> 
     </span>
     <span class='ocr_line' id='line_1_4' title="bbox 551 1564 1609 1654; baseline 0 -24"><span class='ocrx_word' id='word_1_23' title='bbox 551 1571 586 1630; x_wconf 89' lang='lat' dir='ltr'><strong>et</strong></span> <span class='ocrx_word' id='word_1_24' title='bbox 623 1571 788 1654; x_wconf 80' lang='lat' dir='ltr'><strong>praecepta</strong></span> <span class='ocrx_word' id='word_1_25' title='bbox 825 1573 936 1633; x_wconf 87' lang='lat' dir='ltr'><strong>vestra</strong></span> <span class='ocrx_word' id='word_1_26' title='bbox 973 1589 1081 1632; x_wconf 88' lang='lat' dir='ltr'><strong>eoram</strong></span> <span class='ocrx_word' id='word_1_27' title='bbox 1120 1567 1216 1633; x_wconf 90' lang='lat' dir='ltr'><strong>nobis</strong></span> <span class='ocrx_word' id='word_1_28' title='bbox 1253 1573 1288 1632; x_wconf 91' lang='lat' dir='ltr'><strong>et</strong></span> <span class='ocrx_word' id='word_1_29' title='bbox 1331 1565 1477 1653; x_wconf 82' lang='lat' dir='ltr'><strong>praelatis</strong></span> <span class='ocrx_word' id='word_1_30' title='bbox 1514 1564 1609 1652; x_wconf 84' lang='lat' dir='ltr'><strong>regni</strong></span> 
     </span>
     <span class='ocr_line' id='line_1_5' title="bbox 552 1667 1610 1755; baseline 0.001 -24"><span class='ocrx_word' id='word_1_31' title='bbox 552 1668 667 1746; x_wconf 78' lang='lat' dir='ltr'>nostri,</span> <span class='ocrx_word' id='word_1_32' title='bbox 692 1669 750 1755; x_wconf 93' lang='lat' dir='ltr'><strong>qui</strong></span> <span class='ocrx_word' id='word_1_33' title='bbox 772 1674 853 1736; x_wconf 88' lang='lat' dir='ltr'><strong>tuno</strong></span> <span class='ocrx_word' id='word_1_34' title='bbox 876 1669 1046 1736; x_wconf 89' lang='lat' dir='ltr'><strong>nobiscum</strong></span> <span class='ocrx_word' id='word_1_35' title='bbox 1071 1668 1221 1748; x_wconf 87' lang='lat' dir='ltr'><strong>aderant,</strong></span> <span class='ocrx_word' id='word_1_36' title='bbox 1244 1691 1283 1735; x_wconf 85' lang='lat' dir='ltr'><strong>ac</strong></span> <span class='ocrx_word' id='word_1_37' title='bbox 1304 1669 1371 1734; x_wconf 86' lang='lat' dir='ltr'><strong>alia</strong></span> <span class='ocrx_word' id='word_1_38' title='bbox 1392 1667 1610 1734; x_wconf 72' lang='lat' dir='ltr'><strong>universitate</strong></span> 
     </span>
     <span class='ocr_line' id='line_1_6' title="bbox 553 1770 1611 1860; baseline 0 -24"><span class='ocrx_word' id='word_1_39' title='bbox 553 1770 724 1851; x_wconf 89' lang='lat' dir='ltr'><strong>comitum,</strong></span> <span class='ocrx_word' id='word_1_40' title='bbox 746 1771 917 1850; x_wconf 91' lang='lat' dir='ltr'><strong>baronum,</strong></span> <span class='ocrx_word' id='word_1_41' title='bbox 941 1794 980 1838; x_wconf 89' lang='lat' dir='ltr'><strong>ac</strong></span> <span class='ocrx_word' id='word_1_42' title='bbox 1002 1794 1174 1860; x_wconf 89' lang='lat' dir='ltr'><strong>procerum</strong></span> <span class='ocrx_word' id='word_1_43' title='bbox 1197 1772 1292 1858; x_wconf 80' lang='lat' dir='ltr'><strong>regni</strong></span> <span class='ocrx_word' id='word_1_44' title='bbox 1314 1771 1422 1837; x_wconf 80' lang='lat' dir='ltr'><strong>nostri</strong></span> <span class='ocrx_word' id='word_1_45' title='bbox 1452 1770 1550 1858; x_wconf 90' lang='lat' dir='ltr'><strong>plene</strong></span> <span class='ocrx_word' id='word_1_46' title='bbox 1572 1792 1611 1836; x_wconf 84' lang='lat' dir='ltr'><strong>ae</strong></span> 
     </span>
     <span class='ocr_line' id='line_1_7' title="bbox 552 1873 1611 1962; baseline 0 -24"><span class='ocrx_word' id='word_1_47' title='bbox 552 1873 730 1960; x_wconf 82' lang='lat' dir='ltr'><strong>diligenter</strong></span> <span class='ocrx_word' id='word_1_48' title='bbox 763 1875 925 1962; x_wconf 85' lang='lat' dir='ltr'><strong>exposuit,</strong></span> <span class='ocrx_word' id='word_1_49' title='bbox 947 1881 987 1940; x_wconf 91' lang='lat' dir='ltr'><strong>ut</strong></span> <span class='ocrx_word' id='word_1_50' title='bbox 1021 1875 1166 1955; x_wconf 78' lang='lat' dir='ltr'><strong>decebat,</strong></span> <span class='ocrx_word' id='word_1_51' title='bbox 1191 1895 1448 1940; x_wconf 90' lang='lat' dir='ltr'><strong>commemorans</strong></span> <span class='ocrx_word' id='word_1_52' title='bbox 1478 1879 1512 1938; x_wconf 91' lang='lat' dir='ltr'><strong>et</strong></span> <span class='ocrx_word' id='word_1_53' title='bbox 1534 1895 1611 1960; x_wconf 86' lang='lat' dir='ltr'><strong>ape-</strong></span> 
     </span>
     <span class='ocr_line' id='line_1_8' title="bbox 553 1975 1612 2044; baseline -0.001 -4"><span class='ocrx_word' id='word_1_54' title='bbox 553 1976 642 2041; x_wconf 88' lang='lat' dir='ltr'><strong>riens</strong></span> <span class='ocrx_word' id='word_1_55' title='bbox 665 1999 773 2042; x_wconf 87' lang='lat' dir='ltr'><strong>eoram</strong></span> <span class='ocrx_word' id='word_1_56' title='bbox 805 1977 901 2044; x_wconf 91' lang='lat' dir='ltr'><strong>nobis</strong></span> <span class='ocrx_word' id='word_1_57' title='bbox 924 1977 1082 2043; x_wconf 88' lang='lat' dir='ltr'><strong>beneficia</strong></span> <span class='ocrx_word' id='word_1_58' title='bbox 1106 1977 1264 2044; x_wconf 77' lang='lat' dir='ltr'><strong>Romanae</strong></span> <span class='ocrx_word' id='word_1_59' title='bbox 1294 1976 1437 2042; x_wconf 69' lang='lat' dir='ltr'><strong>ecelesiae</strong></span> <span class='ocrx_word' id='word_1_60' title='bbox 1459 1975 1612 2041; x_wconf 88' lang='lat' dir='ltr'><strong>innume-</strong></span> 
     </span>
     <span class='ocr_line' id='line_1_9' title="bbox 551 2077 1611 2167; baseline 0.001 -25"><span class='ocrx_word' id='word_1_61' title='bbox 551 2078 671 2144; x_wconf 76' lang='lat' dir='ltr'><strong>rabilia</strong></span> <span class='ocrx_word' id='word_1_62' title='bbox 693 2081 736 2145; x_wconf 87' lang='lat' dir='ltr'><strong>ab</strong></span> <span class='ocrx_word' id='word_1_63' title='bbox 758 2080 907 2166; x_wconf 89' lang='lat' dir='ltr'><strong>antiquis</strong></span> <span class='ocrx_word' id='word_1_64' title='bbox 929 2079 1134 2167; x_wconf 82' lang='lat' dir='ltr'><strong>temporibus</strong></span> <span class='ocrx_word' id='word_1_65' title='bbox 1164 2079 1259 2145; x_wconf 90' lang='lat' dir='ltr'><strong>nobis</strong></span> <span class='ocrx_word' id='word_1_66' title='bbox 1291 2083 1326 2144; x_wconf 91' lang='lat' dir='ltr'><strong>et</strong></span> <span class='ocrx_word' id='word_1_67' title='bbox 1348 2077 1611 2166; x_wconf 80' lang='lat' dir='ltr'><strong>progenitoribus</strong></span> 
     </span>
     <span class='ocr_line' id='line_1_10' title="bbox 554 2180 1610 2270; baseline 0 -25"><span class='ocrx_word' id='word_1_68' title='bbox 554 2182 675 2248; x_wconf 87' lang='lat' dir='ltr'><strong>nostris</strong></span> <span class='ocrx_word' id='word_1_69' title='bbox 690 2183 847 2270; x_wconf 89' lang='lat' dir='ltr'><strong>impensa,</strong></span> <span class='ocrx_word' id='word_1_70' title='bbox 863 2205 902 2248; x_wconf 88' lang='lat' dir='ltr'><strong>ac</strong></span> <span class='ocrx_word' id='word_1_71' title='bbox 916 2182 1171 2270; x_wconf 84' lang='lat' dir='ltr'><strong>praerogativam</strong></span> <span class='ocrx_word' id='word_1_72' title='bbox 1193 2184 1310 2249; x_wconf 71' lang='lat' dir='ltr'><strong>multas</strong></span> <span class='ocrx_word' id='word_1_73' title='bbox 1332 2182 1459 2270; x_wconf 78' lang='lat' dir='ltr'><strong>gratiae,</strong></span> <span class='ocrx_word' id='word_1_74' title='bbox 1481 2180 1610 2259; x_wconf 90' lang='lat' dir='ltr'><strong>amoris,</strong></span> 
     </span>
     <span class='ocr_line' id='line_1_11' title="bbox 555 2285 1611 2374; baseline 0.001 -25"><span class='ocrx_word' id='word_1_75' title='bbox 555 2288 589 2349; x_wconf 87' lang='lat' dir='ltr'><strong>et</strong></span> <span class='ocrx_word' id='word_1_76' title='bbox 611 2285 734 2351; x_wconf 89' lang='lat' dir='ltr'><strong>favoris</strong></span> <span class='ocrx_word' id='word_1_77' title='bbox 758 2286 878 2372; x_wconf 91' lang='lat' dir='ltr'><strong>quibus</strong></span> <span class='ocrx_word' id='word_1_78' title='bbox 901 2308 961 2352; x_wconf 88' lang='lat' dir='ltr'><strong>nos</strong></span> <span class='ocrx_word' id='word_1_79' title='bbox 994 2292 1029 2351; x_wconf 88' lang='lat' dir='ltr'><strong>et</strong></span> <span class='ocrx_word' id='word_1_80' title='bbox 1061 2308 1202 2374; x_wconf 79' lang='lat' dir='ltr'><strong>regnum</strong></span> <span class='ocrx_word' id='word_1_81' title='bbox 1224 2292 1375 2351; x_wconf 89' lang='lat' dir='ltr'><strong>nostrum</strong></span> <span class='ocrx_word' id='word_1_82' title='bbox 1398 2285 1500 2351; x_wconf 87' lang='lat' dir='ltr'><strong>etiarn</strong></span> <span class='ocrx_word' id='word_1_83' title='bbox 1522 2306 1611 2350; x_wconf 89' lang='lat' dir='ltr'><strong>nunc</strong></span> 
     </span>
     <span class='ocr_line' id='line_1_12' title="bbox 554 2387 1610 2476; baseline 0.001 -23"><span class='ocrx_word' id='word_1_84' title='bbox 554 2388 801 2474; x_wconf 87' lang='lat' dir='ltr'><strong>prosequimini,</strong></span> <span class='ocrx_word' id='word_1_85' title='bbox 817 2389 905 2454; x_wconf 86' lang='lat' dir='ltr'><strong>inter</strong></span> <span class='ocrx_word' id='word_1_86' title='bbox 928 2389 1012 2454; x_wconf 87' lang='lat' dir='ltr'><strong>alios</strong></span> <span class='ocrx_word' id='word_1_87' title='bbox 1034 2410 1127 2476; x_wconf 83' lang='lat' dir='ltr'><strong>reges</strong></span> <span class='ocrx_word' id='word_1_88' title='bbox 1150 2394 1186 2454; x_wconf 92' lang='lat' dir='ltr'><strong>et</strong></span> <span class='ocrx_word' id='word_1_89' title='bbox 1207 2389 1370 2476; x_wconf 86' lang='lat' dir='ltr'><strong>principos</strong></span> <span class='ocrx_word' id='word_1_90' title='bbox 1393 2387 1482 2453; x_wconf 90' lang='lat' dir='ltr'><strong>orbis</strong></span> <span class='ocrx_word' id='word_1_91' title='bbox 1505 2393 1610 2454; x_wconf 79' lang='lat' dir='ltr'><strong>terne.</strong></span> 
     </span>
     <span class='ocr_line' id='line_1_13' title="bbox 554 2490 1612 2578; baseline 0.002 -24"><span class='ocrx_word' id='word_1_92' title='bbox 554 2490 681 2556; x_wconf 88' lang='lat' dir='ltr'><strong>Deinde</strong></span> <span class='ocrx_word' id='word_1_93' title='bbox 719 2492 805 2557; x_wconf 89' lang='lat' dir='ltr'><strong>idem</strong></span> <span class='ocrx_word' id='word_1_94' title='bbox 850 2492 955 2558; x_wconf 84' lang='lat' dir='ltr'><strong>freter</strong></span> <span class='ocrx_word' id='word_1_95' title='bbox 992 2490 1150 2557; x_wconf 86' lang='lat' dir='ltr'><strong>Velascus</strong></span> <span class='ocrx_word' id='word_1_96' title='bbox 1195 2491 1310 2556; x_wconf 90' lang='lat' dir='ltr'><strong>multis</strong></span> <span class='ocrx_word' id='word_1_97' title='bbox 1346 2491 1612 2578; x_wconf 77' lang='lat' dir='ltr'><strong>persuasionibus</strong></span> 
     </span>
     <span class='ocr_line' id='line_1_14' title="bbox 552 2592 1612 2661; baseline 0.002 -4"><span class='ocrx_word' id='word_1_98' title='bbox 552 2592 717 2659; x_wconf 87' lang='lat' dir='ltr'><strong>instantia</strong></span> <span class='ocrx_word' id='word_1_99' title='bbox 751 2601 785 2660; x_wconf 91' lang='lat' dir='ltr'><strong>et</strong></span> <span class='ocrx_word' id='word_1_100' title='bbox 816 2594 1039 2661; x_wconf 89' lang='lat' dir='ltr'><strong>sollicitudine</strong></span> <span class='ocrx_word' id='word_1_101' title='bbox 1074 2600 1222 2660; x_wconf 86' lang='lat' dir='ltr'><strong>astruere</strong></span> <span class='ocrx_word' id='word_1_102' title='bbox 1253 2598 1289 2659; x_wconf 90' lang='lat' dir='ltr'><strong>et</strong></span> <span class='ocrx_word' id='word_1_103' title='bbox 1318 2593 1472 2660; x_wconf 87' lang='lat' dir='ltr'><strong>inducere</strong></span> <span class='ocrx_word' id='word_1_104' title='bbox 1495 2593 1612 2661; x_wconf 87' lang='lat' dir='ltr'><strong>diebus</strong></span> 
     </span>
     <span class='ocr_line' id='line_1_15' title="bbox 553 2696 1612 2783; baseline 0.002 -23"><span class='ocrx_word' id='word_1_105' title='bbox 553 2696 702 2783; x_wconf 84' lang='lat' dir='ltr'><strong>pluribus</strong></span> <span class='ocrx_word' id='word_1_106' title='bbox 724 2697 895 2763; x_wconf 87' lang='lat' dir='ltr'><strong>nitebatur</strong></span> <span class='ocrx_word' id='word_1_107' title='bbox 917 2720 986 2778; x_wconf 89' lang='lat' dir='ltr'><strong>nos,</strong></span> <span class='ocrx_word' id='word_1_108' title='bbox 1010 2697 1183 2763; x_wconf 89' lang='lat' dir='ltr'><strong>consilium</strong></span> <span class='ocrx_word' id='word_1_109' title='bbox 1206 2702 1367 2775; x_wconf 87' lang='lat' dir='ltr'><strong>nostrum,</strong></span> <span class='ocrx_word' id='word_1_110' title='bbox 1390 2720 1429 2762; x_wconf 90' lang='lat' dir='ltr'><strong>ac</strong></span> <span class='ocrx_word' id='word_1_111' title='bbox 1451 2697 1612 2763; x_wconf 89' lang='lat' dir='ltr'><strong>universi·</strong></span> 
     </span>
     <span class='ocr_line' id='line_1_16' title="bbox 553 2799 1611 2886; baseline 0.001 -21"><span class='ocrx_word' id='word_1_112' title='bbox 553 2804 658 2866; x_wconf 83' lang='lat' dir='ltr'><strong>tatem</strong></span> <span class='ocrx_word' id='word_1_113' title='bbox 704 2801 905 2886; x_wconf 69' lang='lat' dir='ltr'><strong>praedictam,</strong></span> <span class='ocrx_word' id='word_1_114' title='bbox 952 2806 992 2865; x_wconf 89' lang='lat' dir='ltr'><strong>ut</strong></span> <span class='ocrx_word' id='word_1_115' title='bbox 1036 2801 1181 2866; x_wconf 89' lang='lat' dir='ltr'><strong>eundem</strong></span> <span class='ocrx_word' id='word_1_116' title='bbox 1226 2799 1430 2865; x_wconf 81' lang='lat' dir='ltr'><strong>Ademarum</strong></span> <span class='ocrx_word' id='word_1_117' title='bbox 1475 2799 1611 2866; x_wconf 86' lang='lat' dir='ltr'><strong>fratrem</strong></span> 
     </span>
     <span class='ocr_line' id='line_1_17' title="bbox 553 2901 1613 2991; baseline 0.003 -25"><span class='ocrx_word' id='word_1_118' title='bbox 553 2907 703 2968; x_wconf 90' lang='lat' dir='ltr'><strong>nostrum</strong></span> <span class='ocrx_word' id='word_1_119' title='bbox 746 2902 789 2968; x_wconf 89' lang='lat' dir='ltr'><strong>ad</strong></span> <span class='ocrx_word' id='word_1_120' title='bbox 834 2903 1059 2991; x_wconf 90' lang='lat' dir='ltr'><strong>episcopatum</strong></span> <span class='ocrx_word' id='word_1_121' title='bbox 1094 2901 1358 2969; x_wconf 89' lang='lat' dir='ltr'><strong>Wintoniensem</strong></span> <span class='ocrx_word' id='word_1_122' title='bbox 1392 2902 1487 2990; x_wconf 91' lang='lat' dir='ltr'><strong>plene</strong></span> <span class='ocrx_word' id='word_1_123' title='bbox 1516 2903 1613 2969; x_wconf 86' lang='lat' dir='ltr'><strong>reati·</strong></span> 
     </span>
     <span class='ocr_line' id='line_1_18' title="bbox 554 3003 1613 3093; baseline 0.002 -23"><span class='ocrx_word' id='word_1_124' title='bbox 554 3005 604 3070; x_wconf 92' lang='lat' dir='ltr'><strong>tui</strong></span> <span class='ocrx_word' id='word_1_125' title='bbox 650 3010 860 3093; x_wconf 88' lang='lat' dir='ltr'><strong>pateremur;</strong></span> <span class='ocrx_word' id='word_1_126' title='bbox 898 3005 1046 3091; x_wconf 86' lang='lat' dir='ltr'><strong>alioquin</strong></span> <span class='ocrx_word' id='word_1_127' title='bbox 1090 3003 1128 3069; x_wconf 91' lang='lat' dir='ltr'><strong>in</strong></span> <span class='ocrx_word' id='word_1_128' title='bbox 1173 3005 1283 3092; x_wconf 81' lang='lat' dir='ltr'><strong>gratia</strong></span> <span class='ocrx_word' id='word_1_129' title='bbox 1332 3010 1366 3071; x_wconf 91' lang='lat' dir='ltr'><strong>et</strong></span> <span class='ocrx_word' id='word_1_130' title='bbox 1403 3005 1516 3071; x_wconf 83' lang='lat' dir='ltr'><strong>favore</strong></span> <span class='ocrx_word' id='word_1_131' title='bbox 1554 3027 1613 3072; x_wconf 87' lang='lat' dir='ltr'><strong>sou</strong></span> 
     </span>
     <span class='ocr_line' id='line_1_19' title="bbox 553 3106 1612 3195; baseline 0.002 -22"><span class='ocrx_word' id='word_1_132' title='bbox 553 3130 662 3173; x_wconf 87' lang='lat' dir='ltr'><strong>amore</strong></span> <span class='ocrx_word' id='word_1_133' title='bbox 685 3110 789 3175; x_wconf 87' lang='lat' dir='ltr'><strong>vestri</strong></span> <span class='ocrx_word' id='word_1_134' title='bbox 822 3114 857 3174; x_wconf 92' lang='lat' dir='ltr'><strong>et</strong></span> <span class='ocrx_word' id='word_1_135' title='bbox 889 3109 1030 3174; x_wconf 87' lang='lat' dir='ltr'><strong>ecelesiae</strong></span> <span class='ocrx_word' id='word_1_136' title='bbox 1054 3106 1212 3174; x_wconf 72' lang='lat' dir='ltr'><strong>Romana</strong></span> <span class='ocrx_word' id='word_1_137' title='bbox 1244 3107 1452 3194; x_wconf 86' lang='lat' dir='ltr'><strong>dispendium</strong></span> <span class='ocrx_word' id='word_1_138' title='bbox 1484 3114 1612 3195; x_wconf 89' lang='lat' dir='ltr'><strong>patera·</strong></span> 
     </span>
     <span class='ocr_line' id='line_1_20' title="bbox 553 3209 1611 3297; baseline 0.001 -22"><span class='ocrx_word' id='word_1_139' title='bbox 553 3233 635 3289; x_wconf 90' lang='lat' dir='ltr'><strong>mur,</strong></span> <span class='ocrx_word' id='word_1_140' title='bbox 660 3233 697 3276; x_wconf 91' lang='lat' dir='ltr'><strong>eo</strong></span> <span class='ocrx_word' id='word_1_141' title='bbox 733 3210 823 3297; x_wconf 92' lang='lat' dir='ltr'><strong>quod</strong></span> <span class='ocrx_word' id='word_1_142' title='bbox 855 3211 883 3276; x_wconf 85' lang='lat' dir='ltr'><strong>si</strong></span> <span class='ocrx_word' id='word_1_143' title='bbox 919 3210 1085 3276; x_wconf 86' lang='lat' dir='ltr'><strong>mandatis</strong></span> <span class='ocrx_word' id='word_1_144' title='bbox 1108 3209 1228 3276; x_wconf 86' lang='lat' dir='ltr'><strong>vestris</strong></span> <span class='ocrx_word' id='word_1_145' title='bbox 1263 3210 1298 3275; x_wconf 92' lang='lat' dir='ltr'><strong>in</strong></span> <span class='ocrx_word' id='word_1_146' title='bbox 1329 3209 1391 3275; x_wconf 82' lang='lat' dir='ltr'><strong>hac</strong></span> <span class='ocrx_word' id='word_1_147' title='bbox 1424 3214 1520 3297; x_wconf 87' lang='lat' dir='ltr'><strong>parte</strong></span> <span class='ocrx_word' id='word_1_148' title='bbox 1543 3231 1611 3276; x_wconf 90' lang='lat' dir='ltr'><strong>non</strong></span> 
     </span>
     <span class='ocr_line' id='line_1_21' title="bbox 553 3313 1611 3401; baseline 0.001 -23"><span class='ocrx_word' id='word_1_149' title='bbox 553 3313 861 3400; x_wconf 73' lang='lat' dir='ltr'><strong>obtemperaremus,</strong></span> <span class='ocrx_word' id='word_1_150' title='bbox 876 3317 991 3379; x_wconf 89' lang='lat' dir='ltr'><strong>contra</strong></span> <span class='ocrx_word' id='word_1_151' title='bbox 1012 3335 1073 3380; x_wconf 90' lang='lat' dir='ltr'><strong>nos</strong></span> <span class='ocrx_word' id='word_1_152' title='bbox 1096 3317 1131 3379; x_wconf 90' lang='lat' dir='ltr'><strong>et</strong></span> <span class='ocrx_word' id='word_1_153' title='bbox 1153 3334 1293 3399; x_wconf 86' lang='lat' dir='ltr'><strong>regnum</strong></span> <span class='ocrx_word' id='word_1_154' title='bbox 1308 3318 1459 3379; x_wconf 89' lang='lat' dir='ltr'><strong>nostrum</strong></span> <span class='ocrx_word' id='word_1_155' title='bbox 1482 3334 1611 3401; x_wconf 84' lang='lat' dir='ltr'><strong>eogere·</strong></span> 
     </span>
     <span class='ocr_line' id='line_1_22' title="bbox 554 3415 1611 3503; baseline 0.004 -24"><span class='ocrx_word' id='word_1_156' title='bbox 554 3416 636 3481; x_wconf 90' lang='lat' dir='ltr'><strong>mini</strong></span> <span class='ocrx_word' id='word_1_157' title='bbox 675 3418 854 3503; x_wconf 85' lang='lat' dir='ltr'><strong>provocari,</strong></span> <span class='ocrx_word' id='word_1_158' title='bbox 892 3438 966 3482; x_wconf 90' lang='lat' dir='ltr'><strong>oum</strong></span> <span class='ocrx_word' id='word_1_159' title='bbox 1004 3417 1046 3482; x_wconf 88' lang='lat' dir='ltr'><strong>ad</strong></span> <span class='ocrx_word' id='word_1_160' title='bbox 1084 3415 1286 3481; x_wconf 88' lang='lat' dir='ltr'><strong>reddendam</strong></span> <span class='ocrx_word' id='word_1_161' title='bbox 1327 3415 1495 3501; x_wconf 88' lang='lat' dir='ltr'><strong>justitiam</strong></span> <span class='ocrx_word' id='word_1_162' title='bbox 1537 3416 1611 3484; x_wconf 90' lang='lat' dir='ltr'><strong>sitis</strong></span> 
     </span>
     <span class='ocr_line' id='line_1_23' title="bbox 555 3519 1133 3606; baseline 0.002 -23"><span class='ocrx_word' id='word_1_163' title='bbox 555 3519 717 3584; x_wconf 87' lang='lat' dir='ltr'><strong>universis</strong></span> <span class='ocrx_word' id='word_1_164' title='bbox 740 3524 774 3585; x_wconf 86' lang='lat' dir='ltr'><strong>et</strong></span> <span class='ocrx_word' id='word_1_165' title='bbox 796 3519 936 3606; x_wconf 75' lang='lat' dir='ltr'><strong>singuiis</strong></span> <span class='ocrx_word' id='word_1_166' title='bbox 958 3519 1133 3586; x_wconf 86' lang='lat' dir='ltr'><strong>debitores.</strong></span> 
     </span>
    </p>

    <p class='ocr_par' dir='ltr' id='par_1_3' title="bbox 553 3618 1613 4924">
     <span class='ocr_line' id='line_1_24' title="bbox 598 3618 1611 3711; baseline 0.004 -25"><span class='ocrx_word' id='word_1_167' title='bbox 598 3618 722 3687; x_wconf 88' lang='lat' dir='ltr'><strong>Verum</strong></span> <span class='ocrx_word' id='word_1_168' title='bbox 760 3621 838 3688; x_wconf 90' lang='lat' dir='ltr'><strong>licet</strong></span> <span class='ocrx_word' id='word_1_169' title='bbox 872 3623 1060 3688; x_wconf 84' lang='lat' dir='ltr'><strong>reverendae</strong></span> <span class='ocrx_word' id='word_1_170' title='bbox 1098 3621 1311 3708; x_wconf 88' lang='lat' dir='ltr'><strong>paternitatis</strong></span> <span class='ocrx_word' id='word_1_171' title='bbox 1344 3628 1464 3690; x_wconf 81' lang='lat' dir='ltr'><strong>vestras</strong></span> <span class='ocrx_word' id='word_1_172' title='bbox 1497 3645 1611 3711; x_wconf 86' lang='lat' dir='ltr'><strong>parere</strong></span> 
     </span>
     <span class='ocr_line' id='line_1_25' title="bbox 554 3723 1611 3810; baseline 0.004 -22"><span class='ocrx_word' id='word_1_173' title='bbox 554 3723 770 3810; x_wconf 84' lang='lat' dir='ltr'><strong>beneplacitis</strong></span> <span class='ocrx_word' id='word_1_174' title='bbox 793 3724 874 3790; x_wconf 87' lang='lat' dir='ltr'><strong>totis</strong></span> <span class='ocrx_word' id='word_1_175' title='bbox 897 3724 1065 3789; x_wconf 87' lang='lat' dir='ltr'><strong>desideriis</strong></span> <span class='ocrx_word' id='word_1_176' title='bbox 1095 3725 1294 3803; x_wconf 84' lang='lat' dir='ltr'><strong>affectemus,</strong></span> <span class='ocrx_word' id='word_1_177' title='bbox 1318 3725 1415 3791; x_wconf 91' lang='lat' dir='ltr'><strong>etde</strong></span> <span class='ocrx_word' id='word_1_178' title='bbox 1439 3730 1491 3792; x_wconf 90' lang='lat' dir='ltr'><strong>tot</strong></span> <span class='ocrx_word' id='word_1_179' title='bbox 1513 3725 1611 3792; x_wconf 87' lang='lat' dir='ltr'><strong>benc-</strong></span> 
     </span>
     <span class='ocr_line' id='line_1_26' title="bbox 553 3826 1611 3895; baseline 0.004 -4"><span class='ocrx_word' id='word_1_180' title='bbox 553 3827 637 3892; x_wconf 84' lang='lat' dir='ltr'><strong>ficiis</strong></span> <span class='ocrx_word' id='word_1_181' title='bbox 668 3850 688 3893; x_wconf 86' lang='lat' dir='ltr'><strong>a</strong></span> <span class='ocrx_word' id='word_1_182' title='bbox 715 3827 941 3894; x_wconf 87' lang='lat' dir='ltr'><strong>munificentia</strong></span> <span class='ocrx_word' id='word_1_183' title='bbox 978 3832 1092 3894; x_wconf 80' lang='lat' dir='ltr'><strong>vestra</strong></span> <span class='ocrx_word' id='word_1_184' title='bbox 1131 3826 1226 3893; x_wconf 89' lang='lat' dir='ltr'><strong>nobis</strong></span> <span class='ocrx_word' id='word_1_185' title='bbox 1260 3833 1295 3894; x_wconf 92' lang='lat' dir='ltr'><strong>et</strong></span> <span class='ocrx_word' id='word_1_186' title='bbox 1332 3828 1455 3894; x_wconf 87' lang='lat' dir='ltr'><strong>nostris</strong></span> <span class='ocrx_word' id='word_1_187' title='bbox 1486 3829 1611 3895; x_wconf 88' lang='lat' dir='ltr'><strong>totiens</strong></span> 
     </span>
     <span class='ocr_line' id='line_1_27' title="bbox 553 3929 1611 4017; baseline 0.003 -23"><span class='ocrx_word' id='word_1_188' title='bbox 553 3929 680 3994; x_wconf 86' lang='lat' dir='ltr'><strong>collatis</strong></span> <span class='ocrx_word' id='word_1_189' title='bbox 704 3930 877 4016; x_wconf 77' lang='lat' dir='ltr'><strong>regratiari</strong></span> <span class='ocrx_word' id='word_1_190' title='bbox 899 3930 1179 4017; x_wconf 86' lang='lat' dir='ltr'><strong>quamplurimum</strong></span> <span class='ocrx_word' id='word_1_191' title='bbox 1194 3935 1375 4012; x_wconf 89' lang='lat' dir='ltr'><strong>teneamur,</strong></span> <span class='ocrx_word' id='word_1_192' title='bbox 1392 3938 1505 3997; x_wconf 85' lang='lat' dir='ltr'><strong>tamen</strong></span> <span class='ocrx_word' id='word_1_193' title='bbox 1519 3953 1611 3997; x_wconf 86' lang='lat' dir='ltr'><strong>man-</strong></span> 
     </span>
     <span class='ocr_line' id='line_1_28' title="bbox 555 4032 1611 4121; baseline 0.003 -24"><span class='ocrx_word' id='word_1_194' title='bbox 555 4034 670 4098; x_wconf 88' lang='lat' dir='ltr'><strong>datum</strong></span> <span class='ocrx_word' id='word_1_195' title='bbox 694 4032 892 4118; x_wconf 90' lang='lat' dir='ltr'><strong>hujusmodi,</strong></span> <span class='ocrx_word' id='word_1_196' title='bbox 908 4032 995 4119; x_wconf 92' lang='lat' dir='ltr'><strong>quod</strong></span> <span class='ocrx_word' id='word_1_197' title='bbox 1020 4056 1088 4099; x_wconf 91' lang='lat' dir='ltr'><strong>non</strong></span> <span class='ocrx_word' id='word_1_198' title='bbox 1118 4032 1223 4099; x_wconf 90' lang='lat' dir='ltr'><strong>solum</strong></span> <span class='ocrx_word' id='word_1_199' title='bbox 1257 4055 1430 4121; x_wconf 87' lang='lat' dir='ltr'><strong>personam</strong></span> <span class='ocrx_word' id='word_1_200' title='bbox 1464 4039 1611 4100; x_wconf 86' lang='lat' dir='ltr'><strong>nostram</strong></span> 
     </span>
     <span class='ocr_line' id='line_1_29' title="bbox 554 4135 1612 4224; baseline 0.001 -23"><span class='ocrx_word' id='word_1_201' title='bbox 554 4156 668 4201; x_wconf 88' lang='lat' dir='ltr'><strong>verum</strong></span> <span class='ocrx_word' id='word_1_202' title='bbox 692 4136 793 4201; x_wconf 87' lang='lat' dir='ltr'><strong>etiam</strong></span> <span class='ocrx_word' id='word_1_203' title='bbox 816 4136 1069 4202; x_wconf 88' lang='lat' dir='ltr'><strong>universitatem</strong></span> <span class='ocrx_word' id='word_1_204' title='bbox 1092 4137 1186 4223; x_wconf 81' lang='lat' dir='ltr'><strong>regni</strong></span> <span class='ocrx_word' id='word_1_205' title='bbox 1220 4137 1326 4203; x_wconf 89' lang='lat' dir='ltr'><strong>nostri</strong></span> <span class='ocrx_word' id='word_1_206' title='bbox 1348 4135 1522 4224; x_wconf 80' lang='lat' dir='ltr'><strong>contingit,</strong></span> <span class='ocrx_word' id='word_1_207' title='bbox 1544 4157 1612 4202; x_wconf 89' lang='lat' dir='ltr'><strong>non</strong></span> 
     </span>
     <span class='ocr_line' id='line_1_30' title="bbox 553 4238 1611 4326; baseline 0.003 -23"><span class='ocrx_word' id='word_1_208' title='bbox 553 4261 726 4326; x_wconf 88' lang='lat' dir='ltr'><strong>possumus</strong></span> <span class='ocrx_word' id='word_1_209' title='bbox 741 4239 863 4325; x_wconf 90' lang='lat' dir='ltr'><strong>absque</strong></span> <span class='ocrx_word' id='word_1_210' title='bbox 880 4240 973 4326; x_wconf 83' lang='lat' dir='ltr'><strong>gravi</strong></span> <span class='ocrx_word' id='word_1_211' title='bbox 989 4239 1176 4304; x_wconf 82' lang='lat' dir='ltr'><strong>discrimine</strong></span> <span class='ocrx_word' id='word_1_212' title='bbox 1199 4243 1234 4305; x_wconf 89' lang='lat' dir='ltr'><strong>et</strong></span> <span class='ocrx_word' id='word_1_213' title='bbox 1255 4238 1466 4305; x_wconf 89' lang='lat' dir='ltr'><strong>subversione</strong></span> <span class='ocrx_word' id='word_1_214' title='bbox 1484 4238 1611 4325; x_wconf 89' lang='lat' dir='ltr'><strong>jurium</strong></span> 
     </span>
     <span class='ocr_line' id='line_1_31' title="bbox 555 4341 1611 4430; baseline 0.001 -23"><span class='ocrx_word' id='word_1_215' title='bbox 555 4350 588 4408; x_wconf 91' lang='lat' dir='ltr'><strong>et</strong></span> <span class='ocrx_word' id='word_1_216' title='bbox 604 4342 878 4408; x_wconf 89' lang='lat' dir='ltr'><strong>consuetudinum</strong></span> <span class='ocrx_word' id='word_1_217' title='bbox 897 4343 991 4430; x_wconf 85' lang='lat' dir='ltr'><strong>regni</strong></span> <span class='ocrx_word' id='word_1_218' title='bbox 1014 4342 1171 4429; x_wconf 88' lang='lat' dir='ltr'><strong>ejusdem,</strong></span> <span class='ocrx_word' id='word_1_219' title='bbox 1193 4346 1229 4407; x_wconf 90' lang='lat' dir='ltr'><strong>et</strong></span> <span class='ocrx_word' id='word_1_220' title='bbox 1250 4347 1366 4408; x_wconf 87' lang='lat' dir='ltr'><strong>contra</strong></span> <span class='ocrx_word' id='word_1_221' title='bbox 1384 4341 1611 4429; x_wconf 87' lang='lat' dir='ltr'><strong>juramentum</strong></span> 
     </span>
     <span class='ocr_line' id='line_1_32' title="bbox 554 4444 1613 4532; baseline 0.001 -22"><span class='ocrx_word' id='word_1_222' title='bbox 554 4446 722 4532; x_wconf 77' lang='lat' dir='ltr'><strong>proprium</strong></span> <span class='ocrx_word' id='word_1_223' title='bbox 754 4445 941 4531; x_wconf 87' lang='lat' dir='ltr'><strong>adimplere.</strong></span> <span class='ocrx_word' id='word_1_224' title='bbox 988 4444 1033 4509; x_wconf 90' lang='lat' dir='ltr'><strong>Et</strong></span> <span class='ocrx_word' id='word_1_225' title='bbox 1065 4465 1264 4531; x_wconf 87' lang='lat' dir='ltr'><strong>quamquam</strong></span> <span class='ocrx_word' id='word_1_226' title='bbox 1294 4444 1355 4509; x_wconf 90' lang='lat' dir='ltr'><strong>hoo</strong></span> <span class='ocrx_word' id='word_1_227' title='bbox 1386 4444 1492 4510; x_wconf 85' lang='lat' dir='ltr'><strong>facero</strong></span> <span class='ocrx_word' id='word_1_228' title='bbox 1513 4444 1613 4512; x_wconf 88' lang='lat' dir='ltr'><strong>velle·</strong></span> 
     </span>
     <span class='ocr_line' id='line_1_33' title="bbox 555 4545 1611 4634; baseline 0.001 -21"><span class='ocrx_word' id='word_1_229' title='bbox 555 4571 637 4625; x_wconf 89' lang='lat' dir='ltr'><strong>mus,</strong></span> <span class='ocrx_word' id='word_1_230' title='bbox 652 4547 811 4634; x_wconf 72' lang='lat' dir='ltr'><strong>praedicta</strong></span> <span class='ocrx_word' id='word_1_231' title='bbox 826 4547 1025 4612; x_wconf 83' lang='lat' dir='ltr'><strong>universitas</strong></span> <span class='ocrx_word' id='word_1_232' title='bbox 1046 4545 1083 4610; x_wconf 91' lang='lat' dir='ltr'><strong>in</strong></span> <span class='ocrx_word' id='word_1_233' title='bbox 1107 4545 1168 4611; x_wconf 89' lang='lat' dir='ltr'><strong>hac</strong></span> <span class='ocrx_word' id='word_1_234' title='bbox 1189 4551 1291 4632; x_wconf 68' lang='lat' dir='ltr'><strong>parts</strong></span> <span class='ocrx_word' id='word_1_235' title='bbox 1315 4568 1389 4632; x_wconf 77' lang='lat' dir='ltr'><strong>quas</strong></span> <span class='ocrx_word' id='word_1_236' title='bbox 1414 4547 1513 4614; x_wconf 90' lang='lat' dir='ltr'><strong>unius</strong></span> <span class='ocrx_word' id='word_1_237' title='bbox 1535 4569 1611 4614; x_wconf 90' lang='lat' dir='ltr'><strong>eon·</strong></span> 
     </span>
     <span class='ocr_line' id='line_1_34' title="bbox 554 4649 1610 4736; baseline 0.002 -21"><span class='ocrx_word' id='word_1_238' title='bbox 554 4651 618 4715; x_wconf 82' lang='lat' dir='ltr'><strong>sitii</strong></span> <span class='ocrx_word' id='word_1_239' title='bbox 654 4657 688 4715; x_wconf 92' lang='lat' dir='ltr'><strong>et</strong></span> <span class='ocrx_word' id='word_1_240' title='bbox 721 4650 905 4715; x_wconf 86' lang='lat' dir='ltr'><strong>voluntatis</strong></span> <span class='ocrx_word' id='word_1_241' title='bbox 935 4649 1059 4726; x_wconf 86' lang='lat' dir='ltr'><strong>existit,</strong></span> <span class='ocrx_word' id='word_1_242' title='bbox 1083 4652 1218 4736; x_wconf 89' lang='lat' dir='ltr'><strong>propter</strong></span> <span class='ocrx_word' id='word_1_243' title='bbox 1250 4669 1368 4735; x_wconf 83' lang='lat' dir='ltr'><strong>graves</strong></span> <span class='ocrx_word' id='word_1_244' title='bbox 1390 4653 1424 4714; x_wconf 91' lang='lat' dir='ltr'><strong>et</strong></span> <span class='ocrx_word' id='word_1_245' title='bbox 1446 4650 1610 4718; x_wconf 88' lang='lat' dir='ltr'><strong>notabiles</strong></span> 
     </span>
     <span class='ocr_line' id='line_1_35' title="bbox 555 4749 1609 4839; baseline 0.004 -21"><span class='ocrx_word' id='word_1_246' title='bbox 555 4775 705 4819; x_wconf 83' lang='lat' dir='ltr'><strong>excessus</strong></span> <span class='ocrx_word' id='word_1_247' title='bbox 728 4750 885 4839; x_wconf 69' lang='lat' dir='ltr'><strong>praedicto</strong></span> <span class='ocrx_word' id='word_1_248' title='bbox 919 4752 1015 4819; x_wconf 81' lang='lat' dir='ltr'><strong>fratri</strong></span> <span class='ocrx_word' id='word_1_249' title='bbox 1048 4755 1162 4817; x_wconf 90' lang='lat' dir='ltr'><strong>nostro</strong></span> <span class='ocrx_word' id='word_1_250' title='bbox 1193 4749 1337 4836; x_wconf 88' lang='lat' dir='ltr'><strong>objectos</strong></span> <span class='ocrx_word' id='word_1_251' title='bbox 1362 4751 1398 4818; x_wconf 93' lang='lat' dir='ltr'><strong>id</strong></span> <span class='ocrx_word' id='word_1_252' title='bbox 1420 4753 1609 4822; x_wconf 87' lang='lat' dir='ltr'><strong>nullatenus</strong></span> 
     </span>
     <span class='ocr_line' id='line_1_36' title="bbox 554 4858 739 4924; baseline -0.011 0"><span class='ocrx_word' id='word_1_253' title='bbox 554 4858 739 4924; x_wconf 87' lang='lat' dir='ltr'><strong>sustineret.</strong></span> 
     </span>
    </p>

    <p class='ocr_par' dir='ltr' id='par_1_4' title="bbox 553 4958 1608 5151">
     <span class='ocr_line' id='line_1_37' title="bbox 600 4958 1608 5048; baseline 0.006 -24"><span class='ocrx_word' id='word_1_254' title='bbox 600 4962 679 5028; x_wconf 87' lang='lat' dir='ltr'><strong>Post</strong></span> <span class='ocrx_word' id='word_1_255' title='bbox 701 4960 772 5026; x_wconf 75' lang='lat' dir='ltr'><strong>hmo</strong></span> <span class='ocrx_word' id='word_1_256' title='bbox 794 4967 915 5043; x_wconf 86' lang='lat' dir='ltr'><strong>autern,</strong></span> <span class='ocrx_word' id='word_1_257' title='bbox 932 4959 1011 5048; x_wconf 91' lang='lat' dir='ltr'><strong>quia</strong></span> <span class='ocrx_word' id='word_1_258' title='bbox 1033 4958 1208 5048; x_wconf 72' lang='lat' dir='ltr'><strong>pradictus</strong></span> <span class='ocrx_word' id='word_1_259' title='bbox 1229 4958 1332 5025; x_wconf 83' lang='lat' dir='ltr'><strong>frater</strong></span> <span class='ocrx_word' id='word_1_260' title='bbox 1355 4959 1519 5045; x_wconf 88' lang='lat' dir='ltr'><strong>Velaseus,</strong></span> <span class='ocrx_word' id='word_1_261' title='bbox 1542 4961 1608 5030; x_wconf 86' lang='lat' dir='ltr'><strong>nisi</strong></span> 
     </span>
     <span class='ocr_line' id='line_1_38' title="bbox 553 5063 1607 5151; baseline 0.007 -24"><span class='ocrx_word' id='word_1_262' title='bbox 553 5063 773 5130; x_wconf 89' lang='lat' dir='ltr'><strong>incontinenti</strong></span> <span class='ocrx_word' id='word_1_263' title='bbox 797 5066 914 5130; x_wconf 87' lang='lat' dir='ltr'><strong>fierent</strong></span> <span class='ocrx_word' id='word_1_264' title='bbox 934 5087 1008 5150; x_wconf 85' lang='lat' dir='ltr'><strong>quae</strong></span> <span class='ocrx_word' id='word_1_265' title='bbox 1022 5063 1181 5151; x_wconf 70' lang='lat' dir='ltr'><strong>praedicto</strong></span> <span class='ocrx_word' id='word_1_266' title='bbox 1203 5063 1299 5129; x_wconf 85' lang='lat' dir='ltr'><strong>fratri</strong></span> <span class='ocrx_word' id='word_1_267' title='bbox 1313 5067 1426 5132; x_wconf 87' lang='lat' dir='ltr'><strong>nostro</strong></span> <span class='ocrx_word' id='word_1_268' title='bbox 1441 5065 1607 5134; x_wconf 80' lang='lat' dir='ltr'><strong>Ademuro</strong></span> 
     </span>
    </p>
   </div>
   <div class='ocr_carea' id='block_1_3' title="bbox 0 0 2181 6436">
    <p class='ocr_par' dir='ltr' id='par_1_5' title="bbox 0 0 2181 6436">
     <span class='ocr_line' id='line_1_39' title="bbox 0 0 2181 6436; baseline 0 0"><span class='ocrx_word' id='word_1_269' title='bbox 0 0 2181 6436; x_wconf 95' lang='lat' dir='ltr'><strong> </strong></span> 
     </span>
    </p>
   </div>
  </div>
 </body>
</html>
