4350 6442
392 2622 396 2629 ·
491 2587 666 2652 didicimus
696 2586 905 2675 perhibendo.
951 2585 1123 2651 Noveritis
1145 2587 1249 2673 igitur
1278 2589 1365 2672 quod
1396 2588 1541 2676 religiosi

603 1291 852 1342 ILLUSTRATIVE
874 1292 918 1340 OF
940 1291 1011 1340 ulia
1033 1290 1142 1338 Rarus
1166 1290 1210 1338 OF
1233 1289 1353 1338 HENRY
1377 1289 1427 1338 ΙΙΙ.
1477 1275 1541 1342 ll7

491 1467 631 1548 darent3
653 1466 697 1531 ad
720 1466 828 1554 ipsum
851 1465 1022 1532 dominum
1045 1486 1154 1552 regem
1178 1465 1392 1552 personaliter
1411 1466 1540 1531 consuit

489 1568 720 1646 accedendum,
759 1569 1020 1657 praemuniturus
1069 1567 1212 1633 eundem
1261 1568 1302 1634 de
1351 1568 1539 1653 hujusmodi

490 1671 642 1758 nequitie
664 1671 872 1760 perfidorum,
898 1675 933 1737 et
959 1676 1073 1736 cautas
1096 1692 1155 1757 pro
1178 1669 1306 1736 viribus
1328 1671 1371 1735 ad
1394 1670 1540 1756 ipsorum

490 1773 676 1861 captionem
697 1774 834 1840 insidias
856 1772 1032 1860 positurus,
1055 1793 1097 1836 ne
1122 1777 1201 1837 vota
1226 1794 1286 1837 sua
1308 1771 1540 1838 nefandissima

490 1896 548 1962 per
596 1876 700 1963 ipsius
747 1874 911 1940 defectum
961 1873 1043 1938 talia
1092 1875 1324 1960 perpendentis
1369 1875 1541 1960 prodirent

490 1977 696 2065 aliquatenus
718 1977 754 2041 in
778 1978 936 2042 effectum

534 2079 583 2144 At
617 2079 697 2165 quia
718 2078 807 2144 idem
831 2076 925 2142 miles
947 2076 1176 2143 verisimiliter
1198 2078 1369 2144 metuebat
1399 2099 1441 2144 ne
1471 2078 1541 2166 ipse
1554 2091 1667 2156 Reating
1682 2099 1710 2142 to

1511 2181 1518 2195 ·
1553 2159 1585 2207 be
1597 2157 1709 2224 thought

491 2179 629 2246 dicendo
666 2179 749 2245 talia
785 2201 845 2266 pro
882 2180 1037 2245 mendace
1075 2179 1129 2244 vel
1174 2179 1337 2244 trufatore
1374 2180 1409 2243 in
1451 2201 1587 2274 curraall
1602 2224 1693 2289 impos

492 2281 617 2347 domini
639 2284 726 2368 regis
747 2281 886 2347 forsitan
909 2281 1096 2362 haberetur,
1119 2281 1268 2346 obtinuit
1299 2283 1342 2346 ad
1379 2281 1540 2347 cautelam
1554 2298 1603 2350 tor,
1611 2290 1644 2341 he

492 2384 596 2470 ipsius
633 2383 721 2470 quod
760 2384 855 2448 vobis
893 2405 952 2469 pro
990 2383 1061 2469 ipso
1108 2384 1328 2464 scriberemus,
1375 2385 1415 2448 de
1449 2389 1541 2451 statu
1554 2356 1693 2474 ffl'ff

491 2486 561 2572 ejus
595 2491 629 2551 et
666 2486 732 2550 fide
770 2485 999 2550 testimonium
1038 2485 1126 2569 quod
1158 2485 1201 2551 ab
1232 2485 1305 2550 aliis
1336 2486 1401 2551 fide
1434 2487 1542 2574 dignis
1554 2489 1694 2607 {mg

491 2689 626 2775 quidam
650 2695 685 2754 et
711 2688 768 2753 alii
799 2686 856 2774 qui
879 2689 1020 2753 eundem
1043 2696 1219 2769 noverunt,
1242 2696 1277 2755 et
1307 2689 1423 2755 multis
1445 2692 1542 2756 annis

492 2791 647 2855 videnmt
677 2790 712 2854 in
743 2790 844 2854 Terra
873 2789 997 2854 Sancta
1023 2789 1200 2856 honorifice
1226 2798 1485 2872 conversantem,
1508 2797 1542 2858 et

493 2892 564 2957 Deo
593 2891 720 2978 jugiter
753 2891 947 2977 opportunis
981 2892 1186 2978 temporibus
1217 2893 1427 2974 militantem,
1461 2917 1543 2982 prae·

492 2993 590 3059 buore
619 2993 713 3059 nobis
735 2993 899 3057 laudabile
921 2992 1147 3059 testimonium
1172 2994 1257 3060 circa
1279 2995 1393 3081 ipsum.
1441 2996 1543 3063 Unde

491 3101 635 3160 vestram
662 3096 870 3181 vigilantiam
893 3096 1124 3161 incunctanter
1158 3096 1315 3161 duximus
1341 3098 1542 3184 exorandam

492 3204 531 3262 ut
553 3203 667 3263 contra
689 3199 832 3263 nefanda
853 3197 1052 3283 hujusmodi,
1069 3221 1144 3283 quae
1167 3199 1386 3284 presentibus
1401 3199 1543 3264 inserere

492 3300 631 3364 scienter
660 3298 836 3376 omisimus,
868 3300 954 3364 sicut
980 3301 1090 3385 ipsum
1121 3299 1291 3364 dominum
1328 3320 1437 3385 regem
1468 3300 1542 3364 dili-

491 3401 577 3488 gitis,
613 3407 834 3488 opportunum
867 3407 901 3465 ot
934 3401 1033 3465 velox
1069 3401 1226 3467 adhibere
1260 3401 1443 3465 remedium
1474 3423 1542 3466 non

492 3503 639 3583 tardetis
663 3502 769 3568 eidem
792 3501 892 3567 militi
907 3502 1122 3568 nihilominus
1137 3502 1327 3590 responderi
1342 3525 1401 3590 pro
1416 3504 1543 3569 meritis

492 3606 533 3670 ad
564 3605 726 3692 condigna
755 3604 891 3691 praemia
912 3604 999 3669 sicut
1030 3606 1124 3670 decet
1156 3606 1280 3693 regiam
1312 3605 1543 3672 celsitudinem

502 3754 633 3774 .....
657 3713 713 3772 est.
760 3706 879 3772 Valete
901 3727 1029 3791 semper
1052 3707 1088 3770 in
1112 3707 1263 3773 Domino.

552 3809 677 3874 Datum
725 3809 848 3887 Romae,
890 3807 1064 3872 Dominioa
1109 3831 1176 3893 qua
1220 3816 1375 3876 cantatur
1415 3812 1544 3878 Lecturc

491 3910 691 3985 Jerusalem,
723 3931 810 3974 anno
845 3909 981 3973 Domini
1004 3908 1178 3977 millesimo
1202 3912 1424 3978 ducentesimo
1448 3916 1542 3998 quin-

492 4015 679 4103 quagesimo
701 4019 803 4080 sexto.

994 4375 1086 4440 DIX.

641 4517 831 4581 Lnuuaucn
853 4515 1062 4581 Suusncore
1083 4532 1127 4578 ro
1174 4563 1391 4577 .....

689 4640 829 4705 (Treasnry
841 4640 871 4690 οἰ
877 4639 921 4690 the
931 4638 1083 4704 Exchequer
1094 4636 1265 4695 miscellanea,
1278 4638 1348 4698 909.)

537 4785 1540 4809 ··························
1554 4772 1600 4824 hia
1629 4779 1662 4825 20

494 4845 665 4921 Hibernia,
688 4845 775 4929 quod
799 4845 912 4931 possit,
936 4843 994 4907 ubi
1020 4841 1175 4928 expedire
1195 4839 1328 4920 viderit,
1345 4860 1539 4926 componere
1557 4790 1629 4891 ml·
1662 4811 1670 4836 ⁹

491 4968 587 5032 super
617 4947 744 5010 decima
773 4969 847 5010 cum
870 4946 1024 5032 praelatis.
1081 4944 1235 5009 Ceterum
1267 4943 1542 5007 convenientibus
1554 4931 1694 5061 &aa

491 5049 701 5134 postmodum
746 5048 916 5114 Dubliniae
964 5046 1066 5111 fratre
1109 5046 1227 5111 Carolo
1274 5043 1543 5131 viceprovinciali
1589 5062 1668 5142 caing·

1555 5135 1712 5259 „teth

492 5149 632 5214 fratrum
646 5150 902 5216 Praedicatorum
919 5147 1104 5236 Hybemiae
1120 5151 1155 5214 et
1170 5147 1330 5213 fratribus
1346 5144 1542 5222 Minoribus,
