4350 6442
615 1153 863 1206 renueraarrva
884 1156 929 1204 or
950 1156 1020 1205 run
1043 1155 1152 1205 aaron
1175 1156 1218 1204 or
1241 1155 1362 1207 mear
1384 1156 1434 1206 ur
1480 1143 1546 1208 303

502 1329 539 1393 in
575 1350 641 1414 quo
673 1350 724 1394 res
755 1334 790 1394 et
820 1329 1032 1395 mercimonia
1064 1352 1125 1395 sua
1153 1334 1227 1395 tute
1260 1331 1374 1418 reponi
1411 1331 1547 1419 possint,

501 1432 675 1519 assignetis
719 1431 851 1510 eisdem,
889 1438 923 1497 et
961 1431 1092 1498 eosdem
1129 1437 1325 1499 mercatores
1360 1434 1450 1499 inter
1489 1455 1548 1498 vos

500 1534 668 1600 curialiter
688 1533 885 1610 admittatis,
900 1556 966 1599 non
989 1534 1221 1621 permittentes
1235 1537 1322 1622 quod
1337 1535 1400 1622 ipsi
1415 1535 1470 1600 vel
1491 1535 1548 1602 elii

500 1658 575 1702 cum
597 1636 696 1702 rebus
718 1636 772 1702 vel
804 1637 1018 1702 mercandisis
1051 1638 1119 1703 suis
1152 1659 1289 1723 regnum
1322 1643 1474 1704 nostrum
1497 1639 1548 1704 in-

499 1739 693 1826 grediantur
714 1761 772 1804 seu
794 1739 1027 1826 egrediantur3
1051 1740 1109 1804 sed
1131 1762 1190 1826 pro
1213 1741 1378 1806 communi
1400 1741 1548 1807 utilitate

500 1847 615 1907 nostra
651 1847 686 1907 ct
723 1863 782 1906 sua
820 1846 855 1906 et
892 1841 1141 1907 conservatione
1179 1864 1288 1908 rerum
1326 1864 1459 1908 suarum
1496 1842 1548 1908 his

501 1943 624 2022 diebus,
660 1949 857 2009 mercatores
894 1947 963 2008 tam
998 1943 1172 2031 indigenas
1209 1966 1309 2030 quam
1346 1945 1547 2032 alienigenas

499 2068 575 2112 cum
596 2046 694 2112 rebus
717 2052 751 2111 et
773 2045 992 2110 mercimoniis
1008 2047 1076 2111 suis
1098 2045 1312 2111 transfretare
1334 2046 1482 2114 volentes
1505 2048 1547 2111 ad

500 2153 611 2236 partes
655 2148 829 2236 praedictas
866 2147 1057 2214 nullatenus
1099 2149 1320 2229 transfretare,
1359 2171 1418 2215 nec
1459 2151 1547 2237 ipsos

499 2252 638 2318 ulterius
674 2273 814 2340 regnum
850 2257 1001 2317 nostrum
1031 2251 1161 2338 ingredi
1195 2252 1406 2338 permittatis,
1444 2252 1547 2318 donec
1666 2298 1670 2309 ·

499 2356 675 2422 eorundem
707 2359 926 2420 mercatorum
957 2353 1173 2419 indemnitati
1204 2354 1241 2418 in
1272 2353 1334 2419 hac
1356 2358 1451 2441 parte
1473 2377 1546 2441 pro

498 2457 663 2544 spiciatur.

540 2560 636 2625 Teste
670 2581 722 2624 me
755 2559 826 2645 ipso
858 2558 946 2646 apud
978 2557 1319 2640 westmonasterium,
1353 2558 1453 2626 tertio
1491 2559 1543 2625 die

498 2662 630 2750 Aprilis,
653 2682 739 2727 anno
762 2660 855 2748 regni
877 2660 983 2725 nostri
1006 2660 1286 2749 quinquagesimo.

829 2921 858 2927 ι-
881 2920 1191 2929 -ι-ι--ο--οῆ-ω-...μ
1200 2923 1245 2928 -....

975 3100 1090 3167 DOLI.

645 3247 775 3312 Harum
800 3247 861 3313 ΙΙΙ.
885 3265 928 3313 ro
950 3264 1020 3312 rna
1043 3246 1199 3312 Snnmrr
1221 3261 1265 3309 os
1289 3244 1400 3308 Yoerr.

702 3383 772 3445 (Rct.
786 3382 869 3434 Clans.
883 3387 915 3432 ⁵0
926 3382 993 3433 lien.
1005 3382 1063 3442 111,
1074 3383 1165 3432 memb.
1178 3387 1192 3430 5
1205 3379 1231 3429 in
1244 3381 1338 3443 dorso.)

541 3495 614 3562 Rex
635 3495 822 3561 vicecomiti
845 3495 1051 3574 Eboracensi,
1074 3495 1222 3560 salutem.
1555 3502 1652 3570 Maya,

539 3599 570 3663 A
618 3599 775 3686 primaevo
823 3598 934 3665 aetatis
979 3601 1101 3663 nostrae
1142 3602 1297 3684 tempore,
1341 3613 1406 3681 quo
1451 3591 1542 3681 regni
1555 3576 1692 3713 {mm

495 3699 627 3789 anglia
655 3700 810 3787 regimini
833 3700 996 3767 Dominus
1027 3721 1085 3765 nos
1117 3698 1272 3786 praefecit,
1295 3696 1385 3764 cordi
1416 3717 1542 3782 semper
1555 3679 1710 3793 remam!

493 3803 669 3868 habuimus
690 3824 729 3867 ea
750 3803 854 3868 facere
877 3825 936 3890 pro
957 3801 1083 3866 viribus
1108 3823 1182 3887 quae
1204 3801 1277 3887 paci
1300 3805 1335 3865 ct
1356 3797 1543 3887 tranquilli·
1556 3797 1695 3914 imici-

494 3906 559 3972 tati
590 3905 798 3972 subditorum
829 3911 1017 3973 nostrorum
1039 3905 1194 3971 novimus
1216 3903 1398 3971 convenire.
1445 3901 1541 3982 Quod
1554 3930 1643 3996 neriry

492 4014 604 4075 autem
636 4014 770 4096 propter
802 4007 964 4073 malitiam
998 4013 1186 4095 temporum
1218 4012 1253 4072 et
1286 4007 1366 4073 alias
1397 4006 1541 4072 actiones
1553 3997 1709 4114 ffiffiffin

492 4113 544 4177 his
567 4111 682 4178 diebus
705 4111 907 4177 contrarium
925 4111 1079 4176 accidisse
1102 4111 1293 4187 dinoscitur,
1308 4108 1397 4175 cordi
1419 4115 1540 4185 nostro,
1553 4130 1705 4192 messione

492 4214 589 4279 novit
611 4214 810 4291 Altissimus‚
833 4213 959 4278 dolores
993 4218 1028 4279 et
1061 4212 1231 4301 angustias
1260 4210 1449 4277 cumulavit.
1495 4210 1540 4274 Et
1551 4196 1658 4314 Qui

492 4316 581 4381 inter
603 4320 711 4381 cetera
731 4338 774 4381 ex
796 4316 857 4381 hoc
891 4336 959 4380 non
989 4315 1154 4381 immerito
1177 4313 1296 4400 majori
1317 4313 1419 4380 taedio
1440 4310 1703 4395 affici-Takesoeps

492 4440 574 4494 mur,
597 4418 685 4504 quod
717 4419 849 4505 quidam
873 4416 1041 4503 majestati
1063 4425 1193 4496 nostrae,
1218 4417 1276 4504 qui
1298 4415 1441 4481 multum
1467 4414 1538 4501 jam
1551 4397 1668 4513 ‘diffie-¹

492 4521 705 4607 processimus
735 4521 771 4584 in
804 4522 873 4586 dies
895 4527 1031 4597 nostros,
1054 4519 1273 4597 detrahentes,
1295 4541 1355 4585 nos
1376 4518 1418 4585 ad
1441 4517 1539 4582 exhe-
1552 4530 1672 4593 preston,

490 4623 693 4688 redationem
734 4623 879 4709 plurium
927 4624 968 4689 de
1018 4643 1119 4709 regno
1166 4621 1271 4687 nostri
1308 4621 1377 4687 sine
1413 4620 1539 4708 judicio

490 4731 525 4790 et
547 4725 804 4791 consideratione
838 4725 936 4791 curiae
958 4731 1081 4790 nostrae
1112 4730 1265 4790 asserunt
1287 4724 1484 4812 processisse,
1506 4728 1541 4789 et

490 4827 550 4892 hoc
594 4850 651 4914 per
688 4829 881 4895 instinctum
919 4828 1126 4915 quorundam
1170 4828 1265 4893 nobis
1305 4827 1538 4905 assistentium,

491 4953 630 5015 quorum
678 4931 813 4997 consilio
862 4931 956 5018 regni
995 4931 1100 4997 nostri
1135 4931 1269 5018 negotia
1311 4931 1540 5018 disponuntur.

492 5032 614 5097 Verum
636 5033 714 5118 quia
736 5033 898 5098 universis
928 5033 969 5099 de
992 5054 1092 5122 regno
1114 5039 1227 5099 nostro
1249 5034 1406 5121 praedicto
1428 5056 1540 5101 sumus
