4350 6442
603 1230 855 1283 moereamus
878 1231 921 1278 or
944 1231 1013 1280 run
1037 1230 1145 1279 uniar
1170 1231 1213 1278 or
1236 1230 1358 1279 unser
1382 1227 1432 1277 111.
1480 1216 1543 1277 109

972 1528 1065 1594 DIV.

604 1666 736 1737 Hesus
760 1666 828 1733 III.
856 1684 899 1731 ro
923 1666 1046 1743 Jsurs,
1072 1665 1170 1733 Kisa
1193 1681 1237 1729 or
1260 1665 1439 1730 Aumaou.
1487 1732 1490 1739 ,

691 1809 762 1870 (aot.
775 1807 859 1860 Clam.
871 1812 904 1857 40
916 1807 1050 1868 IIea.111.,
1061 1808 1153 1858 memb.
1165 1812 1198 1856 20
1210 1807 1237 1856 in
1249 1808 1344 1869 dorso)

535 1926 609 1990 Rex
631 1927 826 2013 Arragoniie
849 1926 920 2013 regi
943 1925 1084 2013 Anglim,
1109 1925 1259 1991 salutem.
1555 1935 1653 1994 Dee-2,

536 2027 600 2092 Pro
622 2049 660 2093 eo
683 2028 771 2112 quod
804 2034 903 2093 tanta
937 2027 1043 2093 cordis
1065 2026 1240 2092 affectione
1262 2032 1297 2091 et
1319 2032 1388 2091 tam
1412 2025 1542 2090 ardenti
1558 2006 1629 2107 ’,Μ’

491 2127 652 2194 desiderio
674 2129 769 2194 nouis
784 2129 904 2217 cupitis
919 2129 1105 2195 dilectionis
1127 2128 1259 2193 ancum
1274 2133 1309 2192 ei
1323 2127 1543 2193 amicitiarum
1556 2093 1713 2211 ζβξῆῑῖξξῖ

490 2229 612 2295 foedere
635 2231 788 2317 copulari,
804 2237 839 2296 et
861 2231 949 2316 quod
972 2231 1051 2297 lieet
1074 2252 1202 2316 eaquae
1225 2229 1352 2294 dudum
1375 2229 1463 2294 inter
1485 2241 1673 2306 vosareyerr

490 2335 524 2395 et
546 2353 605 2396 nos
628 2331 668 2396 de
691 2332 760 2397 filio
782 2337 896 2397 nostro
927 2337 962 2398 et
984 2332 1053 2397 filia
1085 2338 1198 2397 vestra
1220 2331 1351 2397 fuerant
1373 2331 1544 2417 prolocuta
1556 2293 1705 2359 mmm

490 2431 531 2496 ob
554 2454 668 2496 causas
691 2434 847 2517 quasdam
871 2434 1023 2498 effectum
1045 2433 1159 2498 sortiri
1182 2433 1360 2518 nequirent
1383 2438 1544 2519 optatum,

490 2533 616 2599 dietum
639 2540 752 2600 tamen
767 2534 875 2600 foedus
898 2535 986 2620 quod
1001 2534 1091 2600 inter
1113 2534 1267 2621 praefatos
1282 2534 1403 2600 liberos
1418 2541 1545 2600 nostros

490 2635 567 2699 iniri
605 2657 673 2700 non
711 2636 841 2721 poterit,
879 2636 977 2701 modo
1015 2636 1080 2701 alio
1113 2637 1186 2701 fieri
1218 2636 1408 2723 peroptatis,
1447 2643 1545 2723 prout

490 2737 594 2802 nobili
626 2743 661 2803 et
692 2737 849 2824 prudenti
881 2739 954 2803 viro
988 2738 1175 2804 Bertrando
1207 2739 1247 2803 de
1282 2739 1417 2804 Ahones
1453 2739 1545 2804 fideli
1581 2779 1584 2784 -

491 2844 601 2904 vestro
640 2861 745 2925 nuper
794 2839 890 2904 nobis
937 2840 1099 2905 referente
1140 2840 1323 2921 didicimus,
1362 2841 1544 2906 sinceritati

496 2946 615 3005 vestrm
638 2941 680 3005 ad
703 2945 815 3028 grates
837 2943 1040 3028 assurgimus
1063 2943 1215 3028 copiosos.

536 3043 660 3108 Veram
684 3064 758 3107 eum
775 3043 910 3128 quidam
933 3043 1030 3109 amici
1054 3049 1089 3109 e't
1111 3044 1264 3131 speciales
1286 3044 1391 3109 nostri
1406 3045 1448 3109 ad
1463 3067 1545 3131 prm·
1558 3058 1705 3121 asperent

491 3166 565 3209 sens
579 3145 615 3208 in
630 3144 782 3230 partibus
797 3150 900 3232 agant
915 3145 1113 3230 longinquis,
1130 3146 1200 3210 sine
1216 3167 1355 3230 quorum
1370 3147 1546 3232 praesentia
1557 3124 1704 3240 23⁸2&ssss

491 3245 616 3311 dictum
632 3247 687 3332 agi
702 3248 873 3332 negotium
889 3269 957 3312 non
980 3247 1113 3333 poterit,
1138 3252 1238 3334 prout
1260 3248 1418 3334 praeiitus
1439 3247 1545 3312 fidelis
1558 3257 1671 3320 possible.

492 3353 602 3412 vester
616 3347 699 3413 bene
722 3349 818 3412 novit
833 3352 868 3414 et
882 3348 977 3414 vobis
1000 3349 1123 3434 poterit
1145 3349 1276 3435 plenius
1299 3348 1460 3424 intimare,
1485 3371 1544 3414 nos

491 3449 575 3513 citra
590 3449 710 3514 festum
727 3450 937 3515 Pentecostes
953 3450 1105 3537 proximo
1120 3455 1300 3515 venturum
1315 3450 1450 3514 nuntios
1472 3471 1545 3514 nos-

490 3556 561 3615 tros
591 3551 739 3638 proprios
778 3574 877 3638 super
910 3552 1087 3639 praemissis
1118 3552 1318 3617 sufficienter
1355 3553 1545 3631 instructos,

489 3675 564 3716 euni
587 3654 686 3739 plena
708 3658 873 3739 potestate
896 3654 1067 3719 vobiscum
1084 3675 1182 3741 super
1197 3653 1249 3717 liis
1264 3677 1306 3717 ex
1322 3660 1417 3740 parte
1431 3659 1545 3719 nostra

490 3756 663 3820 tractanda
684 3755 822 3842 plenius,
839 3761 873 3821 et
900 3756 1096 3843 expediendi
1123 3755 1234 3821 omnia
1256 3756 1421 3843 praedicta,
1446 3761 1545 3844 prout

491 3858 657 3921 intervos
680 3857 1022 3927 etnuntiosnostros
1053 3857 1228 3924 convenire
1251 3858 1382 3944 poterit,
1409 3859 1451 3922 ad
1475 3880 1546 3923 ves·
1650 3911 1652 3913 .

489 3964 576 4022 tram
610 3959 818 4045 praesentiam
853 3960 1126 4041 transmittemus,
1157 3959 1366 4025 serenitatem
1400 3966 1545 4025 vestram

490 4065 645 4145 rogantes
668 4067 839 4146 quatenus,
869 4061 898 4125 si
922 4084 988 4147 qua
1010 4061 1079 4126 sint
1114 4061 1203 4148 apud
1225 4083 1286 4126 nos
1309 4061 1429 4126 vestris
1449 4067 1545 4147 ginta

491 4160 670 4238 desideriis,
693 4184 732 4227 ea
759 4161 855 4226 nobis
878 4184 952 4227 oum
977 4163 1073 4249 plena
1105 4164 1279 4229 obtinendi
1302 4163 1422 4228 fiducia
1444 4163 1547 4248 signi·

491 4263 601 4329 ficetis.

545 4366 640 4430 Teste
656 4388 731 4451 rege
748 4367 836 4455 apud
849 4367 1087 4448 Windesoram,
1103 4368 1246 4434 secundo
1269 4367 1321 4431 die
1345 4366 1543 4431 Decembris.
