4350 6442
573 1217 823 1269 unumunurm:
849 1221 892 1268 os
915 1219 984 1268 rus
1010 1218 1118 1268 aaaron
1142 1220 1186 1268 or
1210 1222 1330 1273 suuni
1350 1224 1401 1274 111.
1450 1211 1515 1275 183

467 1419 540 1463 cum
586 1397 677 1461 istud
722 1397 892 1483 negotium
937 1398 982 1462 sit
1027 1419 1205 1476 armorum,
1239 1403 1274 1464 et
1312 1400 1353 1466 de
1393 1399 1516 1467 talibus

466 1499 611 1586 negotiis
633 1499 802 1566 senescalli
825 1498 968 1585 puniant
990 1506 1024 1565 et
1054 1505 1252 1586 cognoscant
1279 1502 1320 1567 de
1342 1508 1516 1570 consuetu·

467 1603 544 1667 diuo
579 1602 678 1687 hujus
710 1607 813 1668 terrae.
860 1602 947 1667 Item
982 1609 1016 1669 ct
1053 1624 1113 1689 pro
1150 1624 1188 1668 eo
1225 1604 1314 1689 quod
1343 1627 1411 1671 uon
1444 1611 1516 1672 erat

466 1710 578 1770 tutum
612 1705 709 1770 dictis
741 1704 958 1791 burgensibus
989 1704 1026 1769 in
1057 1705 1128 1792 ejus
1161 1707 1252 1772 euna
1285 1707 1426 1794 litigare,
1457 1732 1517 1776 uec

465 1809 542 1894 ipse,
574 1814 734 1894 tanquam
768 1809 823 1872 ille
861 1807 919 1892 qui
958 1807 1079 1874 eisdem
1118 1809 1287 1895 praemissa
1321 1811 1443 1876 damna
1481 1817 1516 1878 et

464 1910 659 1997 gravamina
673 1910 843 1988 inferebat,
862 1909 968 1995 judex
991 1931 1104 1974 eorum
1126 1911 1162 1974 in
1184 1912 1360 1997 praemissis
1383 1913 1423 1978 de
1441 1913 1516 1998 jure

465 2012 518 2076 vel
541 2012 778 2077 consuetudine
808 2033 876 2077 esse
907 2010 1038 2097 poterat
1060 2012 1116 2076 vel
1138 2013 1302 2094 debebat3
1332 2006 1515 2101 praesertim

465 2138 539 2182 cum
572 2138 639 2182 non
682 2118 913 2201 cognoscerent
950 2115 1049 2179 immo
1086 2120 1246 2201 negarent
1282 2116 1391 2203 ipsum
1428 2118 1516 2186 vioe·

465 2221 616 2284 comitem
635 2218 781 2304 judicem
806 2217 859 2281 vel
882 2216 1053 2282 dominum
1074 2239 1170 2283 suum
1193 2240 1269 2284 esse.

509 2321 632 2386 Verum
649 2343 723 2388 cunr
747 2340 843 2405 super
867 2319 1062 2405 quibusdam
1078 2321 1166 2407 pacis
1182 2325 1217 2386 et
1232 2322 1418 2389 securitatis
1433 2330 1516 2391 trao-

464 2423 591 2489 tatibus
607 2446 666 2489 nos
682 2446 739 2510 per
754 2428 828 2488 octo
843 2421 913 2486 dies
929 2425 963 2486 et
978 2422 1119 2509 amplius
1140 2423 1308 2502 tenuisset,
1326 2427 1384 2512 qui
1404 2432 1515 2492 tamen

464 2530 625 2592 tractatus
647 2528 683 2592 in
706 2527 863 2591 honorem
886 2529 1034 2590 vestrum
1057 2524 1194 2591 minime
1216 2527 1456 2609 redundabant,
1472 2531 1515 2595 ad

464 2630 619 2695 ultimum
635 2629 723 2694 idem
746 2628 924 2693 vicecomes
948 2627 1128 2712 requisitus
1159 2627 1348 2715 frequenter
1377 2654 1398 2695 a
1419 2633 1516 2698 uobis

464 2738 498 2796 ct
530 2732 618 2796 facta
651 2730 715 2796 sibi
749 2752 847 2815 super
878 2731 939 2795 hoc
971 2729 1169 2795 inhibitione
1201 2753 1243 2796 ex
1274 2738 1367 2817 parte
1393 2738 1513 2812 vestra,

464 2835 632 2921 provisum
655 2838 706 2899 cst
719 2831 727 2869 ¹
754 2833 841 2918 quod
856 2838 995 2897 cessaret
1009 2855 1030 2897 a
1045 2832 1140 2898 malis
1156 2838 1190 2897 et
1207 2832 1336 2899 damnis
1351 2834 1513 2901 dictoumr

464 2937 633 3001 consulum
657 2942 691 3001 et
713 2936 925 3022 burgensium
958 2955 1061 3019 usque
1096 2936 1138 3000 ad
1172 2935 1294 3001 festum
1318 2938 1514 3024 Epiphaniae

464 3040 598 3104 Domini
621 3040 770 3125 proximo
801 3039 947 3117 instans3
971 3041 1005 3102 et
1038 3038 1100 3104 hoc
1134 3037 1221 3102 idem
1254 3039 1334 3105 ‹licti
1368 3041 1515 3106 consules

465 3145 691 3231 promiserunt.

508 3247 579 3311 Nos
600 3268 689 3326 vero,
704 3246 940 3311 deliberatione
963 3243 1084 3320 habita,
1108 3245 1172 3310 iter
1194 3247 1392 3332 arripuimus
1414 3244 1682 3313 eundiIamcoins

464 3350 506 3413 ad
541 3349 712 3414 dominum
744 3348 944 3428 Odoardum,
976 3368 1035 3433 pro
1069 3347 1172 3433 ipsius
1203 3371 1301 3435 super
1338 3351 1514 3437 praemissis
1526 3312 1629 3427 {iiiia
1641 3380 1672 3428 or

463 3452 597 3517 consilio
621 3451 823 3536 requirendo.
870 3450 916 3516 Et
947 3449 1100 3514 similiter
1130 3455 1239 3515 totum
1261 3451 1387 3516 factum
1409 3459 1445 3518 et
1466 3456 1513 3518 rei
1527 3443 1672 3506 princeuo-

463 3555 646 3632 veritatem,
682 3559 779 3639 prout
810 3553 927 3618 melius
957 3556 991 3617 et
1025 3553 1130 3640 magis
1161 3553 1302 3618 fideliter
1335 3577 1514 3640 possumne,
1527 3513 1664 3626 filliam

464 3664 582 3724 vestrae
606 3657 807 3721 excellentiae
822 3656 1024 3734 intimamus,
1040 3656 1262 3742 supplicantes
1277 3663 1396 3724 vcstrae
1414 3658 1513 3745 regiae
1527 3659 1603 3708 5⁰⁰¹*
1612 3645 1672 3694 ²¹⁸⁰·

463 3759 628 3844 majestati
674 3764 713 3823 ut
758 3781 854 3843 super
898 3757 1075 3843 praemissis
1121 3757 1216 3824 nobis
1253 3759 1375 3845 absque
1413 3784 1513 3827 moras

464 3863 601 3947 diffugio
624 3861 813 3939 consulatis,
837 3867 871 3926 et
906 3861 1000 3924 nobis
1034 3883 1091 3946 per
1115 3867 1242 3926 vestras
1265 3862 1379 3927 literas
1401 3865 1514 3929 rescri-

464 3965 552 4029 batis
575 3964 654 4049 quid
678 3964 713 4026 in
736 3967 831 4027 tanto
855 3962 997 4048 periculo
1021 3962 1221 4028 sublimitati
1244 3969 1362 4029 vestrae
1384 3966 1512 4052 placue-

466 4069 512 4131 rit
536 4088 596 4132 nos
618 4067 770 4131 facturos

508 4169 675 4235 Attendat
698 4172 810 4233 autem
844 4173 954 4233 vestra
981 4169 1071 4254 regia
1104 4169 1263 4234 celsitudo
1295 4174 1421 4234 statum
1443 4192 1512 4235 cas·

464 4274 507 4337 tri
539 4271 780 4337 Lemovioensis
815 4277 848 4336 et
879 4272 1091 4358 burgensium
1115 4272 1195 4336 dicti
1228 4272 1298 4348 loci,
1330 4274 1365 4336 in
1388 4280 1512 4358 quanta

462 4381 571 4461 strage
609 4381 643 4440 ct
674 4375 816 4460 periculo
846 4395 897 4438 res
928 4378 962 4437 et
995 4395 1141 4460 personae
1171 4374 1315 4459 ipsorum
1352 4375 1511 4455 existunt,

463 4485 498 4543 et
521 4479 608 4564 quod
641 4477 770 4563 publice
793 4477 829 4540 in
852 4476 903 4539 his
925 4477 1074 4561 partibus
1106 4476 1227 4539 dieitur
1258 4476 1346 4560 quod
1369 4476 1511 4543 defensio

464 4581 675 4666 burgensium
710 4580 789 4645 dicti
822 4580 919 4643 castri
958 4578 1126 4643 attrahere
1164 4577 1258 4643 vobis
1295 4583 1329 4644 et
1367 4579 1512 4646 dominio

463 4690 573 4748 vestro
597 4683 720 4768 poterit
744 4687 847 4747 totam
880 4682 1022 4767 patriam
1057 4687 1092 4746 et
1124 4679 1204 4744 alias
1237 4680 1359 4745 multas
1388 4688 1509 4769 gentes.

465 4786 630 4851 Attendat
653 4785 753 4850 etiam
776 4785 867 4871 regia
897 4784 1054 4848 celsitudo
1090 4783 1178 4868 quod
1200 4782 1264 4846 nisi
1287 4782 1372 4848 infra
1393 4807 1512 4870 paucos

864 5113 1119 5181 ¹mmmm.
