4350 6442
603 1146 855 1200 nuusrnnmvn
876 1147 922 1196 or
942 1147 1013 1196 run
1035 1147 1142 1197 saian
1166 1147 1210 1196 or
1231 1146 1352 1196 amar
1375 1148 1427 1194 111.
1518 1137 1537 1198 9

491 1322 667 1387 honorifica
689 1321 878 1409 recepimus,
901 1320 1155 1408 magnificentiae
1170 1325 1291 1387 vestrae
1309 1320 1463 1408 ,copiosas
1486 1333 1704 1394 ex-seugerand

490 1425 654 1490 solventes
676 1425 858 1512 gratiarum
882 1424 1036 1501 actiones,
1058 1424 1146 1509 quod
1169 1423 1294 1509 placuit
1315 1422 1409 1488 vobis
1431 1444 1541 1488 casum
1554 1399 1672 1527 pgtffiu

490 1551 512 1591 a
533 1526 628 1608 nobis
650 1526 742 1614 prius
763 1526 960 1605 inauditum,
984 1526 1042 1612 qui
1065 1548 1171 1612 nuper
1192 1525 1314 1591 accidit
1335 1526 1371 1589 in
1394 1525 1543 1611 partibus
1555 1529 1653 1580 wishes·

491 1629 620 1709 vestris,
644 1629 742 1694 nobis
763 1628 1010 1695 communicare.
1058 1628 1173 1693 Parati
1195 1629 1330 1713 quidem
1352 1650 1426 1693 cum
1449 1628 1543 1692 affec

492 1731 582 1797 tione
613 1732 748 1811 sincera,
780 1731 817 1796 in
848 1730 890 1795 iis
921 1753 995 1816 quse
1028 1735 1150 1796 nost-roe
1189 1734 1268 1795 sunt
1304 1729 1543 1816 possibilitatis,

490 1838 611 1901 vestr-ss
632 1857 693 1922 per
715 1832 828 1899 omnia
860 1832 1067 1920 beneplacito
1090 1833 1283 1909 voluntatis,
1307 1832 1390 1897 duos
1413 1832 1455 1897 de
1478 1831 1545 1896 dis-

492 1937 685 2002 cretioribus
711 1934 889 2022 neophytis
911 1934 969 2021 qui
1003 1936 1140 2022 reperiri
1162 1940 1343 2021 potuerunt
1374 1935 1410 1998 in
1443 1955 1544 2021 regno
1675 1995 1679 2002 .

492 2044 607 2105 nostro
637 2039 680 2103 sd
708 2042 830 2104 vestrae
861 2037 1044 2124 majestatis
1082 2037 1295 2125 praesentiam
1333 2036 1546 2113 destinamus,

493 2140 665 2228 praeoeptia
685 2140 806 2207 vestris
838 2139 876 2205 in
907 2140 1062 2206 omnibus
1084 2162 1145 2226 pro
1168 2161 1262 2226 posse
1285 2161 1344 2203 suo
1368 2139 1544 2224 parituros.

495 2243 566 2308 Nec
598 2248 779 2321 moveatur,
816 2242 846 2307 si
885 2241 1002 2329 placet,
1040 2242 1220 2328 imperialis
1254 2240 1424 2318 celsitudo,
1459 2241 1547 2326 quod

493 2346 651 2411 dilectum
673 2344 768 2411 vobis
789 2342 985 2429 magistrum
1023 2343 1194 2408 Gslterum
1224 2344 1377 2408 clericum
1399 2347 1546 2408 vestrum

492 2448 600 2514 adhuc
625 2469 724 2534 penes
755 2467 815 2511 nos
849 2445 1047 2510 retinuimus
1058 2470 1067 2525 ;
1090 2446 1246 2531 quoniam
1279 2446 1468 2532 peripsum
1503 2445 1546 2508 ad

492 2571 552 2615 vos
589 2550 722 2615 demum
762 2552 992 2623 revortentsm,
1027 2570 1125 2634 super
1162 2547 1305 2634 nogotiis
1343 2569 1416 2633 quae
1450 2547 1546 2611 nobis

493 2651 646 2738 exposuit
677 2673 719 2715 ex
752 2653 847 2736 parte
880 2652 994 2714 vostra
1029 2649 1158 2737 plonius
1190 2649 1395 2715 excellentiss
1427 2654 1546 2714 vestrae

493 2753 688 2840 respondere
726 2750 918 2817 curabimus.
987 2752 1083 2816 Teste
1122 2773 1197 2838 rege
1227 2751 1316 2838 apud
1352 2750 1546 2831 Wudestok,

493 2855 648 2949 vicesimo
671 2859 788 2940 quarto
811 2853 865 2920 die
888 2853 1070 2935 Februarii,
1094 2875 1181 2919 anno
1205 2859 1264 2919 etc.
1288 2853 1449 2919 vicesimo.

894 3423 897 3428 ,
919 3319 1125 3388 ccccxlx.

785 3480 863 3545 'rna
885 3496 978 3546 sinn
999 3498 1042 3546 ro
1065 3499 1136 3546 nm
1158 3497 1256 3547 ssua

862 3613 934 3677 (Rot.
947 3614 1032 3665 Clam.
1043 3622 1072 3665 ut
1083 3615 1179 3679 cupre)

539 3727 752 3794 Serenissimo
761 3727 901 3815 principi
916 3736 951 3795 et
965 3729 1061 3796 fratri
1072 3752 1132 3796 suo
1142 3730 1315 3808 carissimo,
1332 3730 1620 3817 F[rederico]‚p,1‚,
1634 3767 1658 3826 2,

495 3827 559 3893 Dei
598 3829 707 3916 gratia
744 3829 895 3894 Romano
931 3830 1125 3917 imperatori
1160 3837 1194 3897 et
1227 3854 1354 3919 semper
1385 3833 1547 3920 Augusto,
1563 3835 1634 3880 ¹2³⁶·

495 3928 680 3997 Jerusalem
718 3936 754 3998 et
786 3931 910 3998 Sicilire
943 3932 1021 4019 regi,
1055 3934 1261 4019 H[onricus],
1286 3936 1400 4000 eadem
1431 3935 1548 4022 gratia,
1582 4006 1585 4011 ,

494 4037 554 4098 etc.
576 4032 716 4099 salutem
739 4039 774 4099 et
795 4033 946 4099 felicibus
967 4034 1111 4120 gaudere
1135 4036 1319 4123 triumphis

540 4133 634 4200 Licet
675 4138 827 4221 peratum
870 4134 1049 4201 habeamus
1091 4137 1300 4204 voluntatem
1345 4138 1549 4204 celsitudinis
1560 4138 1718 4191 Thebarum

494 4246 623 4315 vestrae,
659 4237 746 4304 siout
787 4236 890 4316 decet,
929 4259 1043 4325 parere
1080 4241 1255 4322 mandatis,
1294 4240 1548 4329 magnificentias
1560 4206 1706 4324 fflwffl

495 4343 615 4405 vostrae
648 4343 762 4404 tamen
793 4337 1017 4427 significamus
1036 4344 1143 4429 ,quod
1180 4364 1255 4408 cum
1291 4343 1481 4410 constitutis
1511 4343 1548 4408 iu
1561 4340 1722 4391 nothoerof

495 4440 671 4526 praesencia
692 4446 805 4507 nostra
827 4443 1039 4529 magnatibus
1060 4445 1154 4532 regni
1177 4445 1293 4525 nostri,
1309 4451 1380 4511 tam
1403 4445 1549 4532 personis
1560 4406 1719 4540 {luffa

494 4543 720 4609 ecclesiasticis
757 4565 858 4629 quam
895 4545 978 4626 aliis,
1016 4547 1297 4633 proposuissemus
1343 4548 1485 4634 qualiter
1529 4541 1698 4613 amm·

494 4644 591 4710 vobis
633 4645 830 4714 mandatum
875 4647 1083 4734 suscepimus,
1127 4654 1168 4714 ut
1212 4649 1370 4715 dilectum
1414 4651 1550 4716 fratrem

494 4751 646 4813 nostrum
683 4748 838 4816 comitem
873 4747 1061 4829 Ricardum,
1095 4772 1194 4835 quem
1228 4752 1407 4838 plurimum
1438 4754 1550 4818 videro

495 4848 699 4930 desideratis,
734 4849 777 4915 ed
812 4850 863 4916 sui
897 4851 1065 4916 cumulum
1099 4852 1234 4920 honoris
1264 4853 1307 4919 sd
1341 4855 1551 4941 praesentiam

497 4951 702 5018 excellentiae
724 4957 844 5019 vestrae
870 4952 1100 5035 mitteremus3
1134 4955 1199 5042 ipsi
1220 4956 1337 5021 habits
1358 4957 1436 5022 inde
1458 4957 1552 5022 adin·

495 5052 601 5121 vicem
624 5053 860 5122 deliberatione
881 5053 978 5123 nobis
1000 5057 1173 5125 unanimes
1194 5058 1441 5145 responderunt,
1464 5058 1553 5143 quod
