4350 6442
612 1218 859 1268 ILLI'STRATIVE
882 1219 925 1265 Ol·
948 1219 1017 1266 THE
1041 1219 1148 1267 REIGN
1172 1220 1215 1266 OF
1238 1220 1359 1269 HENRY
1384 1221 1433 1269 lll.
1485 1208 1548 1271 209

496 1390 595 1476 regiae
618 1391 807 1475 majestati3
831 1414 889 1477 per
911 1414 1052 1478 quarum
1076 1412 1195 1477 nempc
1219 1391 1498 1478 impetrationem,
1521 1395 1548 1457 si

497 1499 616 1558 restra
640 1493 799 1580 placuerit
822 1494 1021 1574 celsitudini,
1045 1494 1243 1559 excellentia
1273 1496 1364 1581 regia
1393 1496 1435 1559 ad
1470 1496 1550 1582 pris·

497 1595 604 1658 tinam
642 1597 876 1661 liberalitatem
914 1597 1058 1674 reducta,
1097 1596 1200 1682 ipsius
1243 1601 1360 1672 status,
1402 1599 1547 1662 omnium

496 1699 792 1763 contradicentium
827 1721 959 1786 prorsus
996 1700 1184 1764 intentione
1218 1700 1390 1779 frustrata,
1426 1702 1549 1787 poterit

498 1799 642 1885 plenarie
672 1801 849 1866 reformari.

542 1902 707 1968 Praeterea
751 1905 923 1968 serenitati
968 1903 1067 1991 regiae
1112 1904 1258 1990 patefiat,
1305 1905 1393 1990 quod
1442 1905 1549 1971 litera

496 2026 577 2090 quas
599 2007 745 2092 magistri
770 2007 908 2072 Arlotus
933 2011 967 2071 et
990 2007 1180 2072 Rostandus
1211 2028 1309 2094 super
1340 2008 1548 2073 revocatione

497 2106 684 2191 hujusmodi
730 2114 765 2173 et
805 2115 912 2174 status
958 2114 1078 2175 vestrae
1117 2109 1356 2195 magnitudinis
1393 2110 1547 2175 reforma-

496 2210 586 2274 tione
620 2211 849 2296 impetrarunt,
883 2211 961 2297 quia
990 2212 1142 2297 quaedam
1174 2211 1364 2277 additiones
1396 2218 1432 2277 et
1461 2212 1548 2278 clau-

496 2312 576 2377 sulm
615 2313 650 2376 in
688 2313 833 2379 favorem
878 2335 1047 2398 procerum
1092 2320 1126 2380 et
1166 2314 1328 2380 baronum
1366 2337 1404 2380 ac
1442 2316 1547 2380 totius

494 2416 588 2500 regni
611 2417 741 2502 Anglia*
769 2417 978 2504 praelatorum
1009 2438 1046 2481 ac
1076 2417 1318 2503 depressionem
1341 2423 1462 2483 vestrm
1484 2419 1548 2483 cel·

494 2517 648 2582 situdinis
686 2519 722 2583 in
759 2519 881 2583 eisdem
919 2520 1104 2584 extiterunt
1142 2520 1286 2596 insertae,
1318 2520 1429 2584 minus
1462 2520 1546 2585 benc

494 2618 679 2706 impetratae
691 2621 834 2701 luerunt,
844 2643 1043 2708 quamquam
1059 2622 1102 2687 ad
1117 2622 1384 2708 impetrationem
1399 2622 1545 2709 ipsarum

494 2722 575 2788 totis
597 2723 725 2788 viribus
748 2725 938 2801 laborarint,
962 2724 1238 2809 quemadmodum
1253 2725 1290 2789 in
1313 2724 1419 2790 literis
1441 2724 1545 2792 felicis

494 2826 728 2891 recordationis
777 2827 903 2891 domini
952 2825 1135 2891 Alexandri
1182 2848 1277 2913 papae
1324 2827 1383 2893 lv.
1436 2836 1546 2893 vestm.

494 2930 653 2993 serenitas
687 2928 797 2993 videre
832 2929 954 3015 poterit
987 2929 1116 3014 plenius
1147 2929 1318 2994 contineri.
1382 2928 1546 2995 Grossatis

495 3052 623 3116 quoque
646 3031 749 3095 literis
771 3030 976 3116 supradictis,
1003 3030 1134 3095 easdem
1157 3031 1310 3096 dominus
1332 3053 1417 3117 papa
1449 3054 1544 3119 prop

493 3139 546 3198 ter
578 3134 838 3198 adversariorum
874 3132 1106 3218 praedictorum
1139 3132 1323 3217 nequitiam
1359 3143 1393 3198 et
1426 3133 1544 3219 impor-

494 3240 609 3301 tunam
664 3236 866 3311 instantiam,
916 3234 987 3298 sine
1040 3233 1181 3298 fratrum
1228 3255 1361 3298 suorum
1410 3235 1544 3300 consilio

495 3338 683 3403 nullatenus
735 3337 843 3402 voluit
896 3335 1075 3422 expedire;
1129 3358 1210 3421 quas
1264 3337 1409 3413 tandem,
1458 3337 1545 3403 sicut

493 3441 643 3526 praedixi,
666 3441 809 3505 bullatas
840 3439 983 3517 obtineo,
1010 3438 1089 3504 licet
1120 3438 1331 3524 quamplures
1362 3439 1545 3504 cardinales

493 3542 680 3607 celsitudini
704 3547 825 3607 vestrae
857 3563 954 3627 super
988 3541 1049 3606 boc
1084 3541 1266 3606 adversarii
1292 3541 1480 3619 existentes,
1503 3565 1544 3607 nc

493 3644 573 3730 ipsae
612 3645 715 3709 litene
749 3643 986 3729 expedirentur
1019 3642 1123 3729 juxta
1159 3664 1253 3730 posse
1287 3643 1544 3730 interposuerint

493 3753 601 3832 partes
640 3769 721 3811 suas.
774 3745 893 3811 Valeat
929 3744 1126 3810 excellentia
1163 3752 1275 3811 vestra
1306 3765 1365 3832 per
1395 3751 1544 3833 tempora

493 3849 647 3937 longiora

536 3953 661 4017 Datum
686 3953 837 4030 viterbii,
861 3951 1002 4017 secundo
1025 3951 1101 4016 idus
1125 3951 1215 4016 Maii.

539 4055 665 4119 lllustri
690 4056 758 4141 regi
782 4055 920 4141 Anglite.

990 4258 1245 4267 .-..--.——-———-

923 4407 1100 4476 DLXXII.

525 4546 655 4611 Hanni
680 4546 745 4611 ΙΙΙ.
769 4563 811 4611 m
834 4546 931 4612 Jorm
956 4562 999 4610 or
1023 4544 1267 4609 Hnnrueronn
1290 4558 1363 4607 nrm
1386 4542 1508 4607 Ronrn

955 4648 1079 4713 Iouna

731 4775 801 4835 (Rot.
814 4774 868 4824 l‘nt.
881 4779 913 4822 46
926 4772 992 4822 llen.
1003 4772 1053 4821 ΙΙΙ.
1067 4788 1092 4835 p.
1109 4777 1129 4830 1,
1141 4770 1233 4820 memb.
1248 4771 1300 4834 10.)

536 4878 607 4941 Rex
638 4877 804 4962 magistris
838 4877 860 4939 J
864 4875 985 4940 olranni
1020 4874 1060 4938 ds
1092 4869 1313 4958 Hemingsord
1344 4876 1379 4935 et
1412 4871 1540 4958 Rogero
1553 4870 1668 4940 111196.

491 4978 604 5055 Luvel,
626 4978 892 5064 procuratorilnrs
915 4978 982 5040 suis
1006 4977 1040 5039 in
1066 4975 1158 5039 curia
1181 4974 1333 5038 Romam
1355 4974 1540 5059 agentibus,
1556 4944 1628 4992 ιω·

490 5084 638 5148 saltitem.

580 5202 654 5248 von.
680 5202 712 5249 rr.
1355 5170 1358 5175 ’
1387 5204 1408 5243 υ
