4350 6442
596 1188 661 1258 278
752 1199 867 1251 noran
890 1200 964 1249 aso
986 1200 1102 1249 orans
1125 1200 1330 1250 mmomcsu
1353 1201 1501 1251 narrans

642 1377 839 1445 consimiles
853 1376 969 1441 literas
990 1373 1093 1439 habet
1108 1372 1132 1437 J
1133 1371 1278 1438 ohannes
1301 1371 1342 1437 de
1359 1370 1542 1438 Mideltone
1564 1372 1657 1439 cleri-

596 1504 654 1548 cus
675 1481 817 1568 capellae,
839 1484 898 1544 etc

642 1583 837 1651 consimiles
857 1581 972 1646 literas
995 1577 1098 1643 habet
1122 1576 1310 1642 Willelmus
1341 1577 1383 1641 de
1406 1575 1528 1643 Oriolle
1551 1578 1655 1656 miles,

596 1693 655 1754 cta

642 1787 836 1855 Consimiles
857 1785 969 1850 literas
990 1782 1093 1848 habet
1115 1780 1298 1846 Willelmus
1319 1779 1351 1845 le
1372 1782 1515 1861 Avener,
1539 1786 1600 1848 etc

643 1890 836 1960 consimiles
857 1888 972 1953 literas
993 1884 1096 1951 habet
1118 1884 1141 1947 J
1144 1904 1239 1949 oceus
1254 1883 1294 1948 de
1317 1880 1497 1964 bondonis,
1519 1891 1579 1951 eto

645 1993 840 2061 consimiles
873 1991 986 2057 literas
1016 1986 1119 2053 habet
1146 1986 1309 2051 Henricus
1342 1985 1382 2052 de
1406 1987 1518 2053 Bume
1551 1986 1656 2065 miles,

599 2105 657 2164 eto

882 2349 1337 2363 Μ

1018 2560 1206 2632 DOXXIX

879 2735 1008 2800 ΗΜ
1030 2735 1093 2800 III.
1117 2750 1160 2799 ro
1183 2734 1292 2801 Loms
1314 2734 1372 2801 IX.

876 2892 948 2957 (sos
959 2893 1014 2945 ru
1028 2898 1060 2943 ss
1072 2892 1139 2943 sen.
1151 2892 1210 2957 nn,
1220 2894 1312 2943 memo.
1326 2895 1380 2956 ss.)

432 3056 488 3103 (Μ,
501 3058 542 3111 ³0,
645 3027 788 3092 Domino
809 3026 878 3114 regi
901 3026 1048 3091 Franciae
1070 3048 1129 3092 rex
1152 3026 1292 3112 Angliso,
1314 3026 1461 3091 salutem.

433 3126 503 3171 ¹²⁶⁴·
646 3128 731 3195 Oum
753 3151 858 3215 nuper
881 3129 1041 3214 quosdam
1063 3130 1104 3194 de
1126 3128 1278 3193 fidelibus
1300 3130 1421 3194 nostris
1443 3128 1486 3193 ad
1512 3151 1658 3217 piaesen-

432 3204 470 3319 ,2³
460 3204 573 3319 ἐθίζω
598 3232 682 3298 tiam
704 3234 894 3307 vestram‚e
897 3232 976 3296 tad
998 3231 1219 3296 venerabilem
1242 3235 1369 3317 patrem
1385 3232 1422 3296 (l.
1439 3232 1658 3300 sabinensem

448 3352 528 3401 nvosy
599 3334 794 3449 episcopum,
825 3335 1014 3419 apostolicas
1045 3334 1131 3399 sedis
1161 3334 1317 3420 legatum,
1340 3355 1467 3400 necnon
1497 3335 1540 3400 ad
1572 3336 1657 3402 alios

433 3402 514 3451 monn«
448 3470 526 3519 rom
489 3418 565 3517 ’Ἥ
600 3435 721 3500 amicos
743 3436 907 3499 nostros
898 3457 934 3500 m
963 3436 1115 3523 partibus
1142 3436 1206 3501 illis
1228 3437 1270 3501 ad
1301 3437 1511 3503 tractandum
1542 3439 1583 3505 de
1606 3460 1659 3505 re-

431 3486 488 3585 ld*
489 3536 529 3585 1111
598 3536 794 3601 formatione
816 3542 851 3601 et
880 3559 960 3623 pace
981 3542 1089 3603 status
1113 3539 1206 3625 regni
1232 3544 1308 3605 nost
1309 3539 1338 3603 ri
1293 3540 1657 3622 tdestinaverimus,

431 3618 526 3719 rossus.
521 3610 588 3719 fied
599 3639 752 3725 quibus
742 3661 779 3702 1n
801 3639 908 3704 eundo
930 3639 1025 3705 illata
1046 3640 1183 3706 fuerunt
1197 3642 1345 3707 enormia
1367 3643 1496 3719 damna,
1518 3644 1560 3710 de
1581 3646 1657 3733 qui·

432 3736 536 3853 ἔηέη
469 3736 537 3785 ηηη
599 3742 662 3807 bus
699 3741 829 3806 anxiati
867 3741 984 3819 fuistis,
1022 3747 1061 3808 ut
1100 3743 1346 3823 intelleximus,
1383 3751 1419 3810 et
1454 3745 1532 3812 licet
1575 3747 1656 3813 indo

599 3844 729 3909 anxiati
766 3843 920 3924 fuissetis,
958 3846 1118 3931 praedicta
1155 3852 1267 3912 temen
1313 3869 1380 3913 non
1421 3853 1500 3914 sunt
1544 3850 1658 3917 adhuc

598 3947 648 4012 ita
677 3951 870 4022 assecurata,
895 3949 982 4032 quod
1012 3948 1113 4035 aliqui
1145 3948 1186 4015 de
1216 3971 1315 4036 regno
1339 3958 1451 4016 nostro
1474 3973 1507 4017 se
1537 3952 1657 4038 hujus·

598 4050 689 4115 modi
711 4048 854 4135 periculo
877 4049 1038 4115 auderent
1059 4053 1274 4132 committere,
1290 4054 1358 4118 sine
1379 4053 1470 4118 salvo
1485 4058 1520 4119 et
1540 4076 1657 4122 securo

598 4152 762 4219 conductu
786 4156 919 4231 vostro3
944 4154 1158 4219 serenitatem
1188 4161 1335 4220 vestram
1364 4160 1494 4221 attente
1515 4159 1657 4244 requiri-

598 4242 680 4335 mus,
697 4260 860 4341 quatenus
881 4255 1009 4320 nuntiis
1030 4257 1154 4320 nostris
1177 4279 1303 4322 necnon
1325 4258 1536 4344 praelatorum
1559 4262 1657 4349 regni

597 4359 702 4425 nostri
724 4363 758 4423 et
784 4356 947 4422 baronum
973 4365 1170 4439 nostrorum,
1197 4360 1240 4425 ad
1270 4362 1480 4446 praesentiam
1504 4369 1655 4431 vestram

596 4460 701 4527 etad
731 4462 879 4547 legatum
910 4459 1148 4547 supradictum,
1180 4483 1307 4527 necnon
1337 4464 1380 4527 ed
1413 4464 1495 4529 alios
1528 4467 1655 4534 amicos

596 4569 725 4631 nostros
740 4564 885 4651 partium
900 4563 1032 4627 illarum
1055 4564 1091 4627 in
1106 4563 1200 4628 brevi
1216 4564 1421 4631 destinandis
1435 4589 1495 4654 pro
1510 4571 1656 4656 negotiis

596 4668 772 4733 antedictis
798 4667 927 4730 salvum
958 4671 993 4730 et
1022 4688 1173 4732 securum
1203 4668 1402 4734 conductum
1433 4677 1583 4737 vestrum
1616 4674 1653 4739 in

595 4770 711 4847 eundo,
744 4769 867 4833 ibidem
898 4769 1065 4849 morando,
1096 4777 1130 4834 et
1168 4769 1247 4835 indo
1276 4772 1445 4838 redeundo
1474 4774 1653 4841 concedere

595 4873 716 4951 velitis,
739 4871 852 4936 literas
873 4878 1000 4937 vestras
1030 4871 1106 4937 indo
1135 4876 1286 4959 patentes
1315 4897 1373 4961 per
1405 4877 1543 4942 latorem
1568 4901 1654 4965 prae-

595 4976 746 5053 sentium,
770 4975 874 5051 nobis,
897 4974 926 5039 si
949 4976 1064 5061 placet,
1096 4977 1368 5043 transmittentes
1414 4980 1461 5044 Et
1489 4980 1533 5045 ad
1563 4982 1655 5069 ipsos

595 5080 701 5147 tutius
732 5077 968 5153 conducendos,
990 5076 1119 5163 aliquos
1150 5079 1190 5143 dc
1220 5079 1374 5147 fidelibus
1395 5083 1515 5148 vestris
1545 5106 1651 5171 usque
