4350 6442
618 1097 868 1149 nnusrnsrrvr
890 1099 935 1149 or
956 1099 1027 1148 run
1049 1098 1157 1150 amor
1181 1100 1225 1149 or
1247 1100 1369 1150 nrrar
1385 1102 1443 1150 .111.
1510 1083 1553 1154 75

489 1291 532 1352 et
571 1282 768 1369 respondere
804 1283 1059 1369 querelantibus,
1092 1284 1122 1349 si
1156 1284 1215 1371 qui
1253 1289 1379 1365 essent3
1408 1286 1556 1371 alioquin

491 1384 658 1474 praebtus
678 1383 896 1472 W[illelmus]
922 1386 1134 1474 R[aimundi]
1151 1408 1210 1474 pro
1232 1387 1304 1473 ipso
1326 1385 1447 1454 faceret
1469 1389 1556 1475 quod

493 1489 589 1557 idem
603 1487 791 1566 vicecomes,
813 1489 841 1554 si
864 1510 1010 1575 praesens
1032 1493 1127 1570 esset,
1151 1490 1256 1555 facere
1278 1493 1455 1556 teneretur.

539 1588 626 1657 (ium
636 1595 748 1657 autem
757 1591 914 1678 praefatus
925 1590 1143 1677 W[i]lelmus]
1154 1591 1363 1679 R[aimundi]
1375 1592 1419 1657 ad
1434 1592 1554 1658 dictam

494 1692 628 1762 curiam
661 1692 853 1775 accessisset,
879 1698 915 1760 et
947 1692 1018 1759 haec
1048 1693 1161 1767 omnia
1193 1694 1379 1761 intimasset
1412 1695 1463 1760 illi
1499 1695 1557 1779 qui

497 1793 640 1863 tenebat
677 1794 714 1859 in
749 1794 808 1860 illa
846 1795 937 1862 curia
973 1795 1081 1861 locum
1118 1800 1268 1862 vestrum
1306 1797 1342 1861 in
1380 1796 1558 1883 praesentia

495 1896 726 1984 plurimorum,
749 1897 885 1963 tandem
907 1919 1099 1985 responsum
1123 1898 1188 1963 fuit
1210 1898 1274 1964 sibi
1297 1898 1387 1983 quod
1412 1899 1559 1984 assigna·

499 2003 596 2069 retur
617 1998 705 2065 dicto
728 1998 914 2067 vicecomiti
939 1999 1028 2066 locus
1055 2004 1162 2080 tutus,
1184 2003 1220 2066 et
1252 1999 1466 2066 mitterentur
1495 1999 1558 2064 sibi

499 2101 611 2169 litera
644 2100 686 2169 de
720 2101 905 2183 conductu3
944 2106 979 2168 et
1018 2101 1085 2168 fuit
1122 2102 1263 2169 nuntius
1296 2101 1491 2188 saepedictus
1522 2099 1558 2165 in

500 2202 595 2269 curia
616 2224 675 2289 per
697 2207 770 2269 octo
793 2203 863 2269 dies
886 2209 920 2268 et
947 2203 1090 2290 amplius
1124 2204 1185 2270 hoc
1207 2205 1295 2290 quod
1327 2203 1390 2268 sibi
1422 2203 1559 2292 promis·

499 2327 578 2371 sum
600 2304 708 2372 fuerat
741 2305 952 2393 expectando.
998 2305 1044 2371 Et
1078 2310 1257 2393 antequam
1292 2306 1353 2372 hoc
1385 2306 1479 2372 fieret
1505 2307 1559 2372 vel

500 2429 673 2496 processus
695 2407 779 2474 alius
810 2408 996 2484 haberetur,
1026 2415 1223 2495 procurante
1262 2410 1350 2475 dicto
1382 2411 1500 2476 comite
1526 2413 1560 2475 et

502 2509 576 2596 ejus
599 2511 765 2587 mandato,
789 2511 924 2596 quidam
949 2510 990 2575 de
1013 2511 1140 2575 familia
1162 2533 1222 2576 sua
1253 2510 1371 2575 furtim
1403 2516 1560 2599 ceperunt

504 2612 622 2677 villam
655 2612 737 2676 Mali
773 2612 902 2691 Leonis,
935 2634 1010 2698 quae
1044 2619 1096 2678 est
1127 2613 1259 2699 propria
1291 2613 1501 2690 vicecomitis,
1526 2618 1560 2678 et

505 2713 692 2779 Willelmus
715 2713 850 2792 Piccrel,
867 2715 924 2799 qui
947 2714 1084 2801 gerebat
1107 2715 1194 2779 vices
1218 2715 1301 2780 dicti
1324 2715 1462 2792 comitis,
1486 2737 1559 2780 cum

504 2818 654 2884 exercitu
691 2817 857 2903 ingressus
894 2817 960 2882 fuit
998 2821 1122 2882 terram
1160 2817 1241 2881 dicti
1278 2817 1488 2896 vicecomitis,
1528 2821 1562 2882 et

504 2919 636 2985 obsedit
658 2924 803 2984 castrum
824 2923 858 2983 et
889 2919 1008 2983 turrim
1032 2919 1114 2983 Mali
1137 2918 1255 2985 Leonis
1278 2925 1313 2984 et
1343 2920 1474 2985 fortiter
1503 2940 1560 2983 ex-

505 3020 678 3108 pugnavit,
711 3025 746 3086 et
774 3020 891 3085 intulit
924 3020 989 3086 sibi
1020 3026 1054 3086 ct
1092 3026 1189 3086 terrae
1221 3043 1290 3087 suae
1322 3021 1481 3086 damnum
1515 3020 1560 3086 ad

506 3125 651 3189 valorem
673 3124 725 3188 bis
748 3124 837 3188 mille
859 3145 1044 3189 marcarum
1067 3123 1206 3209 argenti.

554 3226 638 3293 Cum
676 3232 788 3291 autem
834 3246 940 3290 comes
993 3226 1030 3290 in
1077 3225 1274 3290 Vasconism
1323 3225 1482 3307 rediisset,
1528 3233 1563 3293 et

506 3329 686 3395 vicecomes
720 3327 867 3393 crederet
898 3327 987 3412 quod
1019 3327 1090 3413 ipsc
1119 3327 1272 3395 redderet
1302 3327 1365 3392 sibi
1387 3328 1502 3394 villam
1529 3335 1563 3395 et

507 3432 630 3497 danim
660 3430 756 3496 illata
789 3429 981 3494 emendaret
1012 3429 1064 3495 vel
1097 3430 1220 3495 faceret
1247 3430 1423 3511 emendari,
1458 3454 1563 3496 comes

507 3533 569 3599 hoo
604 3532 709 3599 facere
744 3533 878 3620 ponitus
922 3530 1110 3612 recusavit;
1144 3531 1233 3598 unde
1269 3533 1454 3619 compulsus
1499 3535 1563 3600 suit

509 3637 686 3702 vicecomes
708 3657 768 3722 pro
798 3634 1023 3722 redemptione
1046 3633 1137 3701 villae
1175 3638 1209 3700 et
1242 3635 1341 3700 castri
1371 3636 1563 3722 promittere

509 3739 574 3803 sibi
597 3737 706 3803 decem
739 3736 845 3801 millia
876 3736 1055 3801 solidorum
1078 3737 1346 3818 marlanensium,
1370 3738 1468 3805 etde
1497 3739 1564 3804 illis

508 3840 674 3907 solvendis
695 3837 901 3924 fidejussores
928 3837 1015 3918 dare,
1039 3859 1121 3923 quos
1151 3861 1258 3906 comes
1284 3840 1355 3925 jam
1377 3862 1436 3926 pro
1467 3840 1564 3906 dictis

509 3942 653 4008 denariis
697 3941 896 4028 pignoravit,
934 3944 969 4005 et
1014 3946 1119 4005 terras
1157 3942 1363 4026 quorundam
1400 3942 1563 4019 bannivit,

510 4044 660 4132 quamvis
683 4043 770 4109 idem
793 4043 971 4108 vicecomes
993 4064 1121 4131 semper
1144 4050 1279 4130 paratus
1301 4044 1366 4110 fuit
1388 4049 1475 4109 stare
1485 4044 1564 4130 juri,
1590 4079 1594 4088 ·

511 4152 550 4214 ut
572 4146 722 4234 superius
744 4150 796 4212 est
819 4166 1015 4233 expressum

557 4250 644 4316 Item
675 4253 750 4337 post
781 4247 842 4314 hoc
874 4248 1025 4315 homines
1058 4247 1117 4336 qui
1147 4247 1362 4314 morabantur
1399 4247 1436 4311 in
1472 4246 1565 4335 posse

512 4352 641 4420 comitis
673 4357 708 4419 et
729 4351 983 4417 revertebantur
1012 4373 1087 4417 cum
1110 4349 1269 4416 maleficio
1298 4349 1341 4414 ad
1370 4355 1567 4438 potestatem

511 4477 605 4522 suam
627 4453 812 4519 intulerunt
834 4453 1018 4519 vicecomiti
1041 4455 1198 4520 darnnum
1221 4452 1264 4516 od
1286 4451 1430 4518 valorem
1446 4455 1566 4520 ducen-

512 4562 621 4623 tarum
644 4578 827 4622 marcarum
850 4556 989 4643 argenti.

558 4662 667 4744 Quare
693 4659 779 4747 petit
810 4658 881 4726 baec
904 4681 980 4745 quoe
1010 4659 1124 4748 inique
1145 4665 1240 4748 gesta
1260 4665 1341 4726 sunt
1361 4683 1420 4748 per
1441 4666 1568 4729 vestros

514 4764 649 4829 nuntios
671 4769 705 4828 et
728 4812 951 4829 ........
975 4762 1019 4827 sit
1050 4763 1180 4848 plenius
1207 4764 1375 4829 emendari
1406 4787 1465 4852 per
1497 4788 1569 4831 ves

514 4871 602 4931 tram
618 4865 741 4950 regiam
764 4864 979 4949 majestatem,
1003 4870 1037 4929 et
1063 4865 1151 4950 quod
1174 4866 1377 4953 fidejussores
1399 4891 1457 4954 pro
1480 4867 1570 4933 dicta

517 4968 708 5056 pee[unia].
733 5018 739 5030 .
764 4967 929 5052 ‚praestiti
952 4967 995 5032 ab
1018 4966 1218 5056 obligatione
1233 4969 1333 5056 hujus
1347 4971 1568 5037 absolvantur.
