4350 6442
576 1222 826 1276 runosrannvs
849 1223 893 1271 or
916 1221 986 1269 rna
1010 1220 1118 1270 aaron
1142 1219 1186 1268 or
1209 1219 1333 1269 unsar
1356 1219 1405 1268 ur
1465 1203 1527 1275 171

918 1529 1091 1596 DXLVII.

772 1678 849 1742 Tun
872 1690 963 1742 sans
985 1693 1027 1742 ro
1050 1692 1120 1741 rus
1143 1691 1240 1741 saun

679 1814 750 1877 (Rot.
765 1812 849 1864 Cleua.
864 1817 894 1863 45
908 1811 974 1863 Heu.
985 1804 1036 1862 111.
1050 1810 1141 1862 memb.
1157 1815 1186 1860 15
1199 1811 1226 1859 in
1237 1812 1333 1874 dorso.)

524 1928 606 2013 Regi
631 1925 789 2004 Franaiae,
814 1925 965 1990 salutem.
1547 1942 1689 2003 Marsuas,

524 2028 611 2108 Quia
645 2027 870 2093 intelleximus
913 2047 972 2092 vos
1011 2026 1094 2091 velle
1133 2025 1300 2092 Simonem
1339 2025 1379 2091 do
1418 2026 1533 2091 Monte
1548 2013 1619 2059 ¹²⁶¹·

480 2131 582 2210 Forti,
606 2131 759 2196 comitem
783 2129 977 2210 Leioestriae,
1002 2136 1035 2195 et
1058 2133 1242 2194 consortem
1265 2150 1367 2209 suam,
1391 2149 1533 2194 sororem
1546 2100 1670 2232 ξξξοᾞ

478 2236 634 2309 nostram,
657 2254 770 2319 paoem
801 2231 931 2310 habere,
970 2231 1052 2310 ideo,
1092 2231 1133 2297 de
1171 2232 1265 2297 vobis
1303 2236 1462 2318 tanquam
1492 2231 1533 2296 de
1547 2234 1666 2283 arbitrato

480 2336 613 2400 domino
662 2338 775 2400 nostro
822 2333 991 2420 potissime
1037 2333 1160 2410 confisi,
1206 2333 1419 2399 submisimus
1474 2301 1657 2416 ηοεξξᾏᾞὲ
1667 2317 1696 2350 ¹¹⁵

480 2439 569 2502 dioto
602 2458 659 2502 seu
682 2436 823 2501 arbitrio
850 2443 970 2515 vestra,
994 2438 1103 2522 quoad
1134 2457 1247 2502 omnes
1278 2437 1476 2521 quaestiones
1499 2442 1534 2500 et
1549 2434 1601 2482 ⁰³¹¹
1614 2435 1665 2482 and
1690 2500 1704 2548 f

480 2539 628 2629 querelas
651 2539 740 2605 inter
762 2561 823 2604 nos
846 2546 880 2604 et
903 2538 1078 2625 praedictos
1101 2538 1253 2604 comitem
1277 2545 1312 2603 et
1334 2537 1533 2603 comitissam
1548 2508 1689 2626 ffiffl?

481 2644 649 2727 hucusque
687 2641 820 2707 habitas
858 2640 1096 2717 terminandas,
1129 2645 1169 2706 ut
1202 2640 1249 2705 sio
1280 2640 1377 2707 vobis
1407 2639 1536 2728 plenius

481 2745 668 2810 innoteseat
703 2744 791 2830 quod
824 2765 882 2830 per
912 2744 1001 2808 viam
1025 2744 1179 2808 veritatis
1201 2749 1236 2808 et
1258 2764 1326 2808 non
1349 2743 1536 2810 voluntarie

481 2846 732 2934 processerimus
755 2850 872 2911 eontra
894 2846 990 2931 ipsos.

527 2948 738 3035 Quapropter
761 2947 1022 3013 dominationem
1046 2953 1193 3013 vestram
1216 2953 1343 3034 quanta
1365 2970 1539 3035 possumus

481 3050 656 3115 alloetiono
694 3071 847 3138 rogamus
886 3054 1050 3135 quatenus
1095 3049 1221 3117 dictum
1259 3073 1316 3117 seu
1362 3049 1538 3115 arbitrium

484 3151 672 3239 hujusmodi
691 3152 726 3216 in
744 3173 805 3218 vos
825 3172 990 3217 assumere
1010 3151 1202 3238 dignemini.
1249 3152 1346 3233 Quod
1364 3153 1392 3216 si
1410 3151 1471 3217 hoe
1489 3152 1537 3216 sa-

482 3277 553 3319 oere
574 3276 640 3319 non
661 3255 801 3340 possitis,
820 3254 947 3341 placeat
969 3253 1064 3319 vobis
1087 3255 1258 3341 negotium
1281 3255 1372 3318 istud
1395 3254 1538 3319 dominae

484 3362 606 3422 nostrae
644 3357 769 3443 reginae
808 3355 957 3422 Franciae
995 3357 1139 3421 consorti
1177 3363 1297 3421 vestrae
1331 3362 1366 3420 et
1404 3357 1538 3421 domino

485 3459 581 3524 Petro
617 3458 648 3522 le
672 3458 910 3524 Chamberlene
942 3459 1160 3539 committere,
1189 3458 1369 3524 seeundum
1399 3459 1538 3523 formam

484 3560 698 3627 instrumenti
722 3560 811 3625 inter
833 3581 893 3625 nos
915 3560 993 3626 hino
1015 3559 1093 3625 inde
1116 3561 1263 3629 confecti

531 3664 576 3727 Et
608 3663 686 3747 quia
717 3662 878 3728 vellemus
911 3663 952 3727 de
987 3663 1058 3728 loeo
1089 3668 1123 3728 et
1154 3663 1297 3729 termino
1324 3663 1419 3729 nobis
1442 3685 1540 3750 super
1553 3665 1695 3742 ananan

485 3766 545 3830 hoc
579 3765 788 3852 assignandis
820 3765 949 3852 plenius
983 3764 1167 3846 certifioari,
1205 3765 1371 3831 mittimus
1409 3766 1451 3833 ad
1481 3738 1696 3860 vos},’{{{¹{,1¹ssc¹¹sse

486 3866 509 3932 J
511 3868 674 3932 ohannem
712 3866 753 3930 de
791 3866 824 3930 la
862 3866 987 3953 Lynde‚
1027 3867 1168 3933 militem
1207 3872 1366 3948 nostrum,
1403 3869 1540 3936 latorem
1554 3863 1646 3913 sorthe

487 3968 711 4057 praesentium,
736 3969 778 4033 ad
801 3969 1056 4056 recolligendum
1080 3971 1214 4035 nornine
1236 3976 1351 4037 nostro
1373 3972 1461 4058 apud
1483 3994 1542 4036 vos
1554 3945 1666 3994 purpose.

488 4071 663 4158 praedictos
698 4071 785 4136 diem
818 4076 852 4136 et
886 4071 1014 4152 loeum3
1047 4078 1211 4159 rogantes,
1246 4075 1273 4138 si
1306 4073 1422 4160 plaoet,
1454 4073 1542 4158 quod

488 4173 557 4238 dies
596 4173 651 4237 ille
683 4174 779 4238 nobis
813 4175 1000 4261 assignetur
1034 4175 1070 4240 in
1110 4176 1235 4244 octabis
1272 4174 1473 4242 Nativitatis
1510 4175 1541 4241 S.

488 4276 510 4340 J
514 4275 654 4340 ohannis
678 4275 850 4361 Baptistae,
873 4282 912 4341 ut
934 4280 1016 4341 tuno
1039 4277 1079 4343 de
1104 4277 1157 4342 die
1180 4278 1216 4341 in
1239 4274 1327 4342 diem
1349 4275 1544 4363 procedatur

487 4378 524 4440 in
548 4378 733 4442 discutione
756 4377 881 4465 negotii
904 4379 1086 4455 memorati,
1111 4384 1210 4466 prout
1232 4379 1331 4444 eitius
1363 4385 1396 4444 et
1426 4378 1544 4444 melius

489 4479 590 4546 nent
612 4480 863 4566 procedendum.

535 4583 631 4648 Teste
673 4604 724 4648 me
759 4583 829 4669 ipso
867 4583 956 4670 apud
988 4581 1122 4649 Turrim
1157 4582 1348 4664 Londoniae‚
1387 4582 1543 4650 vicesimo

491 4685 629 4772 septimo
653 4686 706 4750 die
730 4685 854 4751 Martii.
