4350 6442
587 1232 838 1284 rmusrnsnvr
859 1235 904 1284 or
925 1233 996 1282 run
1018 1232 1126 1282 nmen
1150 1233 1194 1282 or
1216 1233 1338 1284 nessi
1362 1235 1412 1284 111.
1460 1219 1524 1284 309

521 1410 566 1474 Et
588 1431 663 1475 cum
685 1429 744 1473 vos
766 1405 915 1472 habeatis
929 1404 1063 1470 nomina
1078 1426 1190 1469 eorum
1204 1405 1241 1469 in
1261 1405 1404 1491 quodem
1418 1405 1528 1470 rotulo

476 1510 532 1596 qui
555 1511 660 1575 dictus
683 1509 825 1574 decimas
847 1511 972 1584 tenent,
988 1507 1169 1592 procuretis
1192 1507 1279 1592 quod
1301 1506 1454 1571 dominus
1468 1528 1528 1571 rex

476 1613 612 1677 mandet
644 1612 691 1676 eis
723 1611 810 1697 quod
843 1610 948 1676 dictas
982 1608 1123 1673 decimas
1156 1608 1253 1674 elicui
1286 1631 1354 1675 nou
1388 1609 1529 1674 liberent

475 1714 546 1778 sine
567 1714 704 1779 licentis
734 1735 828 1801 pepae
862 1717 897 1778 et
928 1710 1054 1776 domini
1087 1712 1183 1797 regis
1231 1713 1277 1777 Et
1303 1710 1439 1777 cuilibet
1461 1732 1529 1775 uns

476 1815 573 1880 litera
595 1816 766 1902 dirigatur,
791 1820 825 1879 et
847 1815 908 1879 hoo
930 1813 1036 1878 solum
1059 1812 1186 1878 sufficit.

521 1916 601 1981 Illss
632 1916 721 1981 mille
753 1917 952 2001 quingentas
974 1915 1075 1980 libres
1097 1915 1138 1979 de
1161 1914 1281 2000 quibus
1303 1936 1363 1980 vos
1392 1914 1528 1979 munds-
1541 1925 1662 1979 Wesend

475 2017 572 2083 vistis
601 2039 661 2104 pro
695 2015 850 2083 domin0¹
884 2015 980 2081 vobis
1010 2016 1205 2080 mandamus
1236 2037 1294 2102 per
1329 2014 1527 2081 Matthaeum
1539 1991 1674 2112 {v’ffl’n

477 2120 518 2183 de
563 2118 815 2198 Obolumbsriis,
865 2123 901 2183 et
947 2139 1021 2182 cum
1067 2139 1189 2204 magna
1234 2116 1429 2183 difficultate
1473 2125 1672 2206 eoshsvepro-

475 2221 642 2307 potuimus
664 2220 821 2285 invenire.
876 2219 923 2284 Et
947 2219 1129 2305 procuretis
1152 2220 1240 2304 quod
1263 2241 1322 2284 nos
1348 2194 1688 2321 habeamusffiffi

475 2344 579 2386 unum
613 2322 751 2388 liberate
782 2322 823 2386 de
855 2322 1011 2387 trecentis
1042 2321 1212 2407 octaginta
1245 2328 1280 2386 et
1314 2328 1386 2387 octo
1423 2319 1526 2399 libris,
1539 2325 1617 2390 cury.

476 2429 600 2509 septem
626 2423 740 2488 solidis
766 2427 801 2487 et
824 2423 969 2507 quinque
991 2422 1143 2499 denariis,
1165 2444 1247 2508 quas
1270 2423 1425 2489 debemus
1446 2423 1528 2488 reci-

475 2546 552 2610 pere
567 2525 608 2590 de
623 2525 834 2611 superusugio
857 2525 898 2589 de
923 2524 1093 2609 [pecu]nie
1111 2523 1189 2588 unni
1213 2524 1434 2610 praecedentis.
1481 2525 1527 2589 Et

476 2648 535 2692 nos
566 2627 708 2692 multum
745 2625 932 2712 indigemus
967 2626 1056 2690 dictu
1090 2626 1228 2711 pecunia
1261 2628 1303 2691 ad
1334 2627 1527 2692 solvendum

475 2733 629 2793 mutuum
659 2727 748 2792 mille
771 2728 1027 2814 quingentarum
1058 2727 1227 2807 librarum,
1251 2729 1292 2793 de
1324 2729 1443 2814 quibus
1474 2750 1529 2793 su·

475 2829 584 2916 perius
617 2829 706 2894 fecte
728 2833 778 2894 est
799 2830 933 2894 mentio,
978 2829 1024 2894 Et
1047 2830 1088 2894 de
1111 2829 1200 2895 mille
1223 2829 1414 2916 quingentis
1436 2830 1529 2895 libris

476 2930 642 3017 predictis
657 2952 740 3016 ques
753 2930 848 2995 vobis
863 2930 1044 2996 Matthaeus
1059 2931 1208 3017 portabit
1227 2932 1413 2997 retinebitis
1435 2931 1529 2998 vobis

476 3032 566 3097 mille
588 3054 712 3098 marcus
743 3054 803 3118 pro
835 3038 951 3098 mutuo
981 3034 1069 3119 quod
1092 3033 1248 3099 debemus
1269 3033 1373 3099 fecere
1395 3035 1529 3099 domino

476 3135 545 3221 regi
567 3134 605 3198 in
620 3135 792 3220 August03
815 3139 938 3200 etcum
954 3135 1049 3200 eritis
1063 3135 1152 3221 apud
1168 3135 1200 3200 S.
1217 3135 1417 3222 Botolphum
1433 3137 1529 3201 setis·

476 3236 603 3302 facietis
624 3236 720 3301 nobis
750 3237 791 3302 de
825 3237 915 3301 mille
945 3237 1096 3301 ducentis
1131 3237 1374 3323 quinquaginta
1404 3238 1529 3303 marcis.

478 3338 564 3403 Item
598 3338 710 3403 scietis
743 3338 831 3424 quod
865 3359 925 3402 nos
955 3338 1187 3403 mandavimus
1217 3338 1312 3403 sociis
1342 3339 1463 3403 nostris
1488 3339 1529 3404 de

478 3439 625 3505 Ybemie
646 3439 735 3524 quod
769 3439 833 3524 ipsi
867 3440 1009 3504 mittent
1031 3440 1127 3505 vobis
1152 3440 1187 3504 in
1218 3440 1435 3526 garderobam
1457 3440 1531 3506 illus

478 3541 529 3606 bis
551 3541 642 3605 mille
664 3541 767 3605 libras
791 3563 872 3626 quas
894 3547 1087 3627 receperunt
1114 3565 1135 3606 u
1168 3542 1372 3607 thesaurario
1404 3542 1530 3607 domini

477 3643 564 3728 regis
589 3643 630 3707 de
652 3642 808 3721 Ybernia‚
831 3643 933 3721 cistis,
957 3665 1087 3708 securus
1111 3644 1198 3730 quod
1220 3666 1279 3709 vos
1301 3643 1431 3709 hebetis
1464 3666 1528 3712 eas.

478 3746 595 3810 Vulete
618 3744 654 3808 in
677 3744 828 3808 Domino,

522 3847 673 3912 Discreto
696 3846 768 3911 viro
790 3846 950 3931 magistro
975 3847 1140 3911 Willelmo
1163 3847 1204 3912 de
1227 3847 1322 3912 Ludo
1344 3848 1450 3914 detur.

480 4051 835 4060 *vm———n—-n—

690 4172 697 4201 ¹
714 4170 820 4236 dominc]
848 4171 975 4236 Probably
992 4188 1046 4236 repo
1064 4171 1154 4222 should
1165 4174 1196 4223 be
1207 4173 1328 4238 supplied.
