4350 6442
606 1252 854 1306 inausrmrrva
876 1254 920 1303 or
943 1253 1013 1303 rna
1037 1252 1145 1304 saror
1169 1254 1212 1302 or
1236 1251 1358 1317 aaran
1380 1252 1431 1300 111.
1479 1230 1544 1303 267

932 1811 1107 1879 DOXXII.

517 1983 648 2050 Harum
672 1984 735 2052 ΙΙΙ.
759 2001 803 2051 ro
826 2000 896 2052 ran
919 1987 1053 2052 Brsnor
1076 2003 1120 2051 or
1143 1986 1271 2052 Neron
1294 1999 1368 2051 aun
1390 1969 1530 2050 ornans.

777 2136 872 2201 <Royal
885 2137 992 2200 Lettera,
1003 2137 1052 2188 No.
1065 2141 1123 2197 867,
1134 2137 1161 2186 in
1173 2136 1269 2202 dorso.)

538 2264 611 2333 Rex
635 2267 801 2355 episeopis,
826 2274 886 2337 ete.
1559 2279 1628 2345 Aug.
1641 2286 1665 2341 a,

538 2370 622 2436 Cum
653 2393 719 2458 pax
742 2372 829 2438 inter
858 2395 918 2438 nos
949 2378 984 2438 et
1013 2371 1152 2440 barones
1174 2377 1303 2438 nostros
1325 2371 1369 2436 ad
1391 2370 1546 2438 honorem
1562 2350 1668 2399 ”⁶⁴²¹

493 2473 557 2538 Dei
590 2481 625 2539 et
660 2476 775 2552 nostri,
806 2497 933 2542 necnon
971 2476 1015 2541 ad
1053 2481 1199 2542 nostram
1237 2481 1272 2542 et
1310 2476 1405 2562 regni
1441 2475 1547 2540 nostri
1560 2465 1690 2585 mg&
1783 2529 1786 2545 .

492 2577 686 2659 utilitatem,
704 2579 775 2665 jam
806 2580 890 2647 inita
921 2579 966 2644 sit
995 2583 1030 2644 et
1058 2579 1200 2658 firmata,
1230 2579 1423 2644 benedictus
1449 2576 1704 2666 Densapmm

493 2679 704 2746 dilectionem
731 2686 884 2760 vestram,
908 2682 949 2748 de
983 2705 1049 2769 qna
1082 2684 1213 2748 ratione
1247 2682 1402 2769 paritatis
1428 2667 1715 2784 vmtrae‘1}⁰¹“li”⁸

493 2784 529 2848 in
576 2805 677 2873 regno
724 2784 873 2852 Francius
929 2785 1115 2873 specialiter
1167 2785 1370 2863 oonlidimna
1417 2789 1549 2852 attente
1560 2742 1705 2853 imm·

493 2908 648 2975 rogamus
686 2896 849 2976 quatenus
893 2912 969 2975 erga
1007 2889 1178 2956 dominum
1216 2895 1366 2956 nostrum
1405 2895 1440 2955 et
1478 2869 1692 3002 ves-fflffif
1785 2961 1787 2964 ¹

493 2997 582 3056 trum
616 3013 726 3079 regem
762 2993 912 3059 Franeiae
943 2994 1106 3059 illustrem
1137 3016 1231 3081 opem
1262 2998 1297 3059 et
1330 3015 1462 3081 operam
1492 2992 1547 3058 ad·

492 3093 603 3160 hibero
637 3096 758 3174 velitis,
792 3102 831 3162 ut
869 3097 1021 3163 hostilem
1066 3097 1248 3162 adventum
1290 3096 1549 3184 alienigenarum

492 3197 528 3263 in
565 3220 703 3286 regnum
743 3205 894 3265 nostrum
928 3199 1098 3288 impediat,
1130 3221 1190 3265 neo
1222 3197 1428 3265 consentiat²
1462 3199 1549 3285 ipsos

491 3306 619 3366 terram
658 3309 806 3368 nostram
846 3303 978 3390 Angliae
1024 3324 1083 3390 per
1121 3301 1308 3369 districtum
1346 3323 1402 3366 sou
1439 3305 1549 3388 potes·

492 3409 596 3469 tatem
628 3428 720 3470 suam
755 3405 909 3472 intrare³
932 3427 998 3472 non
1031 3406 1236 3493 permittens,
1262 3404 1443 3493 praesertim
1474 3425 1549 3470 enm

491 3507 594 3572 simus
615 3508 712 3573 horno
745 3509 847 3595 ipsius
880 3509 981 3597 ligius
1003 3514 1038 3575 et
1071 3517 1194 3576 certam
1229 3530 1340 3596 paoem
1373 3530 1447 3574 eum
1477 3507 1549 3594 ipso

491 3610 672 3689 inierimus,
694 3634 754 3677 neo
786 3613 820 3676 in
852 3613 958 3699 ipsum
994 3635 1051 3679 seu
1082 3635 1195 3701 paoem
1230 3613 1261 3678 ei
1292 3612 1483 3699 promissam
1516 3615 1551 3674 et

493 3712 569 3777 hinc
593 3713 670 3778 inde
688 3714 859 3800 juratam⁴
883 3716 1043 3781 credimus
1066 3717 1102 3782 in
1126 3717 1235 3804 aliquo
1262 3737 1323 3782 nos
1345 3713 1549 3781 commisisse.

493 3815 665 3903 Ingressus
702 3818 790 3883 enim
824 3818 1085 3905 alienigenarum
1118 3818 1307 3905 hujusmodi
1341 3822 1452 3906 posset
1482 3838 1551 3883 esse

491 3918 545 3983 vel
568 3920 610 3984 ad
633 3921 811 3986 eorundem
835 3921 1040 3987 venientium
1064 3922 1296 3998 confusionem,
1320 3928 1380 3987 aut
1403 3927 1549 3986 nostram

490 4028 525 4087 et
548 4024 640 4108 regni
657 4024 769 4100 nostri,
786 4047 843 4089 seu
866 4025 1050 4112 utriusque,
1067 4024 1157 4112 qnod
1173 4025 1270 4104 absit,
1284 4025 1548 4091 destructionem.

493 4126 538 4190 Et
562 4125 690 4203 exinde,
715 4132 773 4193 ete.

528 4425 532 4452 ¹
552 4425 598 4474 Sue
612 4424 697 4473 letters
710 4423 828 4483 l)CXX.,
842 4423 994 4475 ncxxm.
1022 4430 1025 4487 ξ
1078 4427 1087 4454 ³
1106 4424 1211 4489 intrare]
1223 4422 1328 4488 ingredi,
1336 4421 1465 4483 nsunt
1473 4421 1548 4471 hand·

527 4506 593 4552 'noc
604 4505 750 4568 consentiat]
765 4504 827 4553 This
839 4505 995 4555 seemstobe
1021 4490 1024 4547 i
1082 4505 1086 4532 ¹
1099 4503 1225 4569 juratam]
1244 4500 1319 4552 Alter
1335 4501 1393 4563 this,
1412 4502 1437 4551 in
1456 4498 1549 4566 aliquo,

495 4596 527 4630 au
556 4582 705 4632 alternative
723 4584 762 4633 lor
783 4600 828 4633 nou
845 4585 995 4649 perronem,
1046 4580 1115 4642 Mn,
1127 4585 1219 4634 erasto.

492 4661 579 4711 below.
