4350 6442
674 1202 717 1264 20
831 1213 944 1263 noran
968 1213 1181 1263 annornm
1205 1214 1411 1269 nrsrcarcan
1435 1216 1584 1265 rrrrsas

673 1387 781 1445 cetero
804 1380 845 1445 ‹le
867 1380 909 1445 iis
932 1402 1006 1467 quae
1029 1379 1115 1446 circa
1136 1403 1197 1446 nos
1228 1387 1262 1447 et
1295 1383 1331 1446 in
1363 1404 1423 1447 nos
1456 1388 1627 1468 geruntur,
1649 1403 1731 1469 quc·

674 1484 770 1549 morlo
794 1483 893 1547 etiam
917 1507 1034 1571 gucna
1049 1485 1090 1549 de
1106 1506 1192 1549 novo
1208 1485 1242 1549 in
1266 1490 1354 1550 terra
1368 1491 1482 1550 nostra
1497 1485 1731 1571 conquieverit,

673 1585 761 1651 lator
792 1587 1005 1672 praesentium
1039 1587 1134 1653 vobis
1157 1587 1235 1653 viva
1268 1609 1347 1654 voce
1381 1587 1510 1676 plenius
1542 1609 1579 1653 cc
1613 1585 1732 1653 melius

674 1688 798 1774 poterit
819 1688 989 1775 explicare.

1087 2065 1329 2135 CCCCXXIX.

968 2216 1046 2280 Tne
1070 2231 1159 2280 sans
1181 2233 1224 2280 ro
1247 2233 1317 2280 ran
1339 2231 1435 2281 saun

1026 2354 1121 2420 (Royal
1134 2355 1240 2415 Letters,
1251 2354 1300 2404 Nc.
1313 2353 1381 2415 893.)

509 2507 664 2556 12374940,
724 2470 853 2537 Illastri
888 2471 1022 2536 dominc
1057 2471 1211 2549 Hemicc,
1247 2470 1309 2536 Dei
1341 2471 1450 2558 gratia
1487 2469 1556 2556 regi
1587 2468 1730 2557 anglia,

677 2573 836 2660 S[culius]
860 2573 976 2639 eadem
998 2575 1106 2659 gratia
1129 2574 1199 2638 dux
1223 2574 1416 2660 Ncrwegiae,
1440 2572 1579 2638 salutem
1602 2578 1639 2637 ct
1658 2594 1730 2659 spc-

675 2677 767 2741 cialis
789 2676 943 2741 amicitias
966 2676 1196 2741 sinceritatem.

506 2784 611 2862 Πιερίης
720 2779 862 2844 Noverit
877 2778 1083 2842 serenissima
1098 2777 1283 2843 sublimitas
1295 2783 1406 2843 vestra
1421 2777 1564 2863 qualiter
1578 2775 1731 2842 dominus

506 2853 656 2970 {rmifflffiff
675 2902 735 2946 rex
758 2880 780 2946 J
783 2881 928 2946 charmes
959 2885 1054 2966 pater
1087 2887 1198 2945 vester
1232 2880 1382 2966 rapinam
1414 2880 1505 2944 illam
1530 2885 1567 2945 et
1589 2878 1730 2944 dedecus

506 2987 634 3065 mespres
675 3006 750 3070 quse
764 2984 808 3049 sb
823 2983 1012 3048 hominibus
1026 2983 1096 3048 suis
1118 2983 1214 3048 nobis
1237 2989 1271 3048 ct
1294 2982 1483 3047 hominibus
1497 2980 1620 3047 nostris
1641 2980 1730 3068 apud

506 3059 654 3182 ἓξὲξ,
676 3086 835 3152 Scsrdum
869 3086 1017 3171 Burgum
1048 3085 1135 3150 faeta
1165 3086 1301 3150 fuerunt
1331 3084 1496 3149 emendari
1532 3083 1729 3171 promiserit,

505 3183 663 3303 {5⁰¹¹s011111!
674 3195 709 3255 ct
732 3189 875 3276 qualiter
890 3187 1108 3272 W[illelmus]
1132 3209 1232 3252 senes
1256 3186 1468 3252 Marcscallus
1482 3208 1525 3251 ex
1548 3192 1641 3273 perte
1656 3206 1731 3252 ves·

505 3266 638 3382 affl„
674 3297 727 3356 tra
750 3314 808 3377 pro
831 3290 945 3355 codem
969 3288 1083 3353 debito
1107 3309 1141 3352 se
1165 3288 1358 3373 praestiterit
1379 3287 1611 3373 fidejussorem
1658 3286 1729 3351 Nc-

505 3386 582 3499 ffird
588 3401 609 3500 f
674 3393 840 3458 tissimum
863 3398 914 3455 est
936 3390 1037 3455 etiam
1060 3389 1247 3475 prudentiae
1263 3396 1382 3455 vestrae
1405 3390 1558 3476 quotiens
1572 3388 1674 3455 variis
1693 3392 1729 3454 et

505 3467 653 3580 aepop‘gm
674 3491 919 3579 pulcherrimis¹
945 3491 988 3556 ad
1021 3492 1230 3577 praesentiam
1262 3498 1405 3556 vestram
1440 3490 1576 3557 nuntios
1599 3496 1728 3557 nostros

673 3618 748 3660 curn
764 3595 869 3659 literis
884 3593 1005 3658 nostris
1020 3614 1119 3679 super
1133 3594 1246 3658 eodem
1262 3594 1395 3680 negotio
1410 3593 1635 3672 direxerimus,
1649 3614 1730 3681 quo·

673 3699 759 3763 tiens
775 3697 874 3761 variis
890 3702 924 3761 et
947 3696 1173 3782 pulcherrimis
1189 3696 1460 3781 promissionibus
1475 3718 1565 3782 spem
1579 3700 1727 3761 nostram

673 3798 882 3886 protraxerit.
930 3797 1029 3862 Nunc
1062 3805 1183 3872 autem,
1206 3798 1284 3883 quia
1315 3802 1369 3863 tot
1394 3798 1430 3862 in
1452 3798 1584 3863 irritum
1607 3797 1729 3885 scripto

673 3905 762 3980 sunt,
793 3905 828 3965 et
861 3921 928 3964 non
959 3899 1064 3963 solum
1099 3899 1248 3964 debiturn
1282 3904 1449 3964 retentum
1486 3899 1543 3965 sed
1575 3920 1728 3987 expenae

674 4002 818 4088 multipli
842 4052 849 4066 .
873 4052 880 4066 .
905 4053 912 4065 .
935 4052 942 4065 .
966 4005 1002 4065 et
1023 4001 1138 4065 nuncii
1160 4002 1266 4066 nostri
1288 4001 1457 4077 submersi,
1480 3999 1655 4067 taedicsum
1676 4008 1728 4069 est

674 4106 715 4170 de
739 4104 959 4169 indemnitate
974 4102 1177 4168 infructuosa
1190 4103 1366 4168 verborum
1381 4103 1538 4168 mandare
1560 4102 1728 4169 sterilibus

675 4208 888 4294 eruptionem,
919 4205 999 4291 quic
1036 4205 1264 4271 excedentium
1301 4210 1445 4271 vestram
1483 4205 1653 4294 diligimus
1693 4212 1728 4273 et

675 4309 845 4375 dominum
877 4329 997 4395 papam
1020 4307 1115 4372 vobis
1148 4307 1412 4373 amantissimum
1443 4307 1512 4374 scre
1538 4306 1729 4395 cognoveri·

674 4433 757 4487 mus,
780 4412 822 4476 ab
845 4411 959 4476 ecdem
982 4410 1095 4475 literas
1117 4409 1160 4474 ad
1183 4431 1242 4474 vos
1268 4410 1539 4497 impetravimus¹
1585 4410 1729 4491 Quamc-

673 4511 766 4577 brem
803 4512 1082 4599 magnificentiam
1121 4516 1264 4576 vestmm
1305 4513 1377 4598 jam
1416 4513 1510 4599 quasi
1555 4512 1595 4577 de
1640 4533 1727 4578 novo

675 4606 887 4688 obsecremus,
919 4616 1082 4696 quatenus
1116 4612 1277 4695 promissa
1309 4617 1421 4677 vestra
1451 4616 1551 4696 prout
1584 4610 1726 4697 regalem

707 4926 916 4996 wulcharius]
934 4929 1019 4982 There
1038 4948 1146 4998 appears
1159 4944 1185 4983 to
1252 4934 1344 4984 ²‘l'hir
1366 4941 1485 4984 sentence
1508 4948 1614 4999 uppem
1641 4941 1669 4981 to
1694 4932 1727 4982 bc

672 5006 704 5057 be
725 5022 742 5057 a
765 5009 835 5058 word
857 5009 970 5076 wanting
990 5018 1018 5061 to
1038 5012 1082 5061 the
1105 5028 1186 5073 muse,
1220 5023 1330 5076 corrupt.

673 5087 796 5151 probably
806 5089 907 5138 exeniis.
