4350 6442
605 1168 648 1229 24
761 1178 876 1230 noina
898 1178 973 1228 nun
995 1179 1112 1228 omnm
1134 1178 1340 1239 nis'romona
1363 1179 1511 1229 inmens

963 1448 1245 1517 CCCCXXXIII.

726 1597 803 1661 'inu
825 1596 981 1663 Sunium
1003 1613 1048 1660 on
1071 1596 1228 1661 meonu
1251 1613 1295 1661 so
1320 1597 1449 1662 Hanni
1476 1595 1541 1660 III.

949 1720 1045 1786 (noyn
1056 1720 1162 1781 mttere,
1174 1719 1222 1770 uo.
1238 1719 1327 1782 not.)

438 1820 582 1872 mmet
650 1809 937 1876 Excellentissimo
972 1809 1105 1875 domino
1139 1830 1199 1875 suo
1233 1808 1418 1894 H[enrico],
1455 1809 1516 1875 Dei
1550 1811 1659 1896 gratia

435 1887 552 2005 {gall
606 1911 730 1978 illustri
763 1911 834 1998 regi
866 1911 1009 1999 Angliae,
1042 1911 1177 1975 domino
1200 1960 1547 1977 ............
1580 1934 1659 1976 suus

605 2016 745 2081 dovotus
779 2015 958 2079 vicecomes
996 2012 1183 2090 Linoolniie,
1223 2011 1371 2090 salutem,
1411 2018 1446 2077 et
1483 2011 1579 2077 fidele
1623 2013 1660 2077 in

605 2117 758 2182 omnibus
780 2116 978 2203 obsequium.

438 2229 526 2280 lieno
536 2248 587 2297 you
652 2218 795 2285 Noverit
810 2266 1314 2284 .................
1339 2216 1532 2303 diligentem
1548 2215 1660 2281 fecisse

435 2294 569 2415 {2⁶3ss
606 2320 863 2406 inquisitionem,
886 2341 1024 2406 quorum
1056 2320 1079 2384 J
1082 2319 1249 2384 udaeorum
1278 2318 1413 2384 fuerunt
1443 2319 1510 2385 illio
1540 2324 1660 2405 quater

436 2427 565 2493 quintion.
606 2422 728 2509 viginti
760 2471 1539 2488 ..........................
1571 2421 1659 2506 oepit

605 2525 646 2591 do
676 2525 700 2589 J
702 2524 806 2590 udaeis
835 2524 924 2610 apud
957 2523 1148 2600 Stamfford,
1173 2530 1318 2608 tempore
1353 2543 1418 2607 quo
1448 2522 1551 2587 irater
1581 2522 1660 2587 Gal·

604 2625 709 2690 fridus
732 2648 767 2690 se
789 2626 914 2690 introm
937 2674 1656 2691 ........................

603 2728 769 2793 ooeasione
800 2727 874 2792 illas
906 2727 1002 2813 oepit,
1025 2732 1059 2792 et
1091 2727 1148 2792 ubi
1172 2732 1278 2812 captae
1302 2726 1445 2801 fuerunt,
1468 2748 1527 2812 per
1549 2748 1656 2791 sacm-

603 2835 752 2895 mentum
785 2830 901 2895 borum
932 2829 1190 2916 subscriptorum
1214 2878 1658 2895 ...............

600 2983 791 2998 .......
815 2931 856 2996 de
891 2931 1039 3017 Cibetey,
1072 2932 1209 2997 Henrioi
1247 2931 1324 2994 Filii
1359 2931 1552 3008 Alexandri,
1585 2932 1657 2997 Gil-

600 3033 686 3099 berti
709 3034 740 3098 le
771 3033 889 3113 Noble,
920 3032 1086 3098 Johannis
1109 3033 1150 3098 de
1183 3033 1367 3111 Casterton
1392 3033 1556 3097 Johannis
1578 3032 1656 3098 Sam

1302 3135 1412 3212 Ketel‚
1452 3136 1541 3201 Petri
1580 3135 1658 3201 Filii

602 3237 752 3317 Galsridi,
787 3237 962 3324 Reginalsli
1008 3237 1039 3301 le
1078 3236 1214 3315 Brut-un,
1255 3237 1399 3301 Simonis
1440 3236 1518 3301 Filii
1556 3236 1658 3302 Alex·

490 3406 493 3413 ,
600 3340 707 3415 andri,
747 3338 879 3404 Ricardi
918 3338 959 3403 de
993 3338 1055 3402 We
1091 3390 1097 3403 .
1133 3391 1139 3402 .
1174 3390 1181 3404 .
1214 3361 1260 3418 n;
1307 3339 1365 3424 qui
1407 3339 1524 3404 dicunt
1560 3360 1658 3425 super

600 3448 841 3507 sacramentum
872 3462 969 3503 suum
1000 3441 1089 3525 quod
1120 3440 1298 3526 praedictus
1338 3441 1438 3527 Hugo
1474 3440 1504 3505 le
1543 3441 1659 3507 Portet

602 3544 689 3629 oepit
712 3542 885 3629 praedictas
906 3547 1024 3627 quater
1046 3542 1169 3628 viginti
1190 3563 1315 3608 marcas
1335 3542 1376 3607 de
1393 3542 1514 3628 Dueyn
1529 3542 1553 3608 J
1554 3545 1659 3624 udaeo,

601 3644 766 3709 serviente
805 3643 923 3709 Leonis
962 3644 1004 3708 ‹lo
1044 3644 1200 3719 Eboraeo,
1238 3666 1311 3730 quae
1342 3644 1478 3709 fuerunt
1509 3646 1657 3731 praedicti

603 3746 731 3825 Leonis,
746 3750 781 3810 et
796 3745 885 3831 quod
900 3745 988 3832 oepit
1011 3745 1123 3811 <lesem
1139 3768 1265 3810 marcas
1280 3747 1321 3810 de
1337 3747 1451 3832 Moyre
1467 3747 1554 3811 Filio
1570 3747 1659 3812 Davi

602 3850 722 3913 ‚Iudaeo
732 3847 919 3923 Stamfford,
929 3852 964 3912 et
975 3853 1041 3913 tres
1056 3871 1182 3913 nmmos
1198 3850 1238 3913 do
1255 3848 1437 3914 Deulesant
1450 3850 1522 3914 Koe
1530 3849 1555 3915 J
1556 3851 1658 3916 uclaeo.

605 3951 729 4015 Dicunt
752 3950 853 4015 etiam
876 3972 975 4036 super
997 3958 1239 4015 sacramentum
1263 3972 1359 4014 suum
1376 3950 1461 4036 quod
1479 3952 1658 4037 pnedietus

604 4054 704 4140 Hugo
737 4052 826 4138 oepit
864 4053 1040 4138 praedictos
1077 4053 1231 4118 denarios
1272 4053 1332 4117 tali
1371 4053 1546 4133 ooeasione,
1579 4056 1659 4141 quia

602 4155 721 4220 habuit
751 4161 953 4241 praeceptum
989 4154 1113 4218 domini
1150 4156 1236 4241 regis
1270 4155 1312 4218 acl
1347 4155 1582 4240 inquirendum
1617 4157 1659 4223 de

602 4257 731 4322 catallis
762 4255 980 4333 ludaeorum
1012 4262 1047 4320 et
1077 4257 1250 4340 praedictos
1281 4257 1434 4321 denarios
1457 4257 1589 4323 invenit
1615 4257 1657 4323 de

602 4359 730 4424 catallis
763 4358 787 4422 J
789 4358 966 4433 udaeorum,
990 4362 1026 4421 et
1059 4378 1114 4421 eos
1148 4358 1341 4443 asportavit,
1367 4363 1402 4423 et
1435 4358 1535 4423 aliam
1569 4382 1659 4425 ocea-

603 4461 727 4526 sionem
750 4459 910 4535 nesciunt,
933 4459 1020 4524 sieut
1042 4458 1245 4545 intelligunt.
1291 4459 1418 4526 Dicunt
1444 4461 1546 4526 etiam
1570 4462 1658 4547 quod

602 4562 778 4647 praedictus
801 4561 903 4648 Hugo
936 4561 1024 4648 oepit
1055 4562 1229 4647 predictos
1256 4560 1407 4628 denarios
1431 4561 1516 4627 infra
1541 4563 1656 4628 villain

604 4663 793 4728 Stamllord.
841 4663 961 4727 Valeat
984 4663 1178 4727 exoellentia
1201 4668 1313 4728 vestm
1336 4665 1370 4728 in
1395 4665 1545 4731 Domino.

647 4764 671 4827 Ι
674 4762 827 4830 adereat
874 4765 1020 4829 Consilio
1043 4764 1168 4829 domini
1191 4767 1284 4852 regis.

966 4996 972 5024 ¹
991 4994 1038 5044 See
1049 4996 1092 5045 the
1103 4995 1236 5061 preceding
1248 4998 1325 5047 letter.
