4350 6442
604 1133 854 1184 luuusrusrrvn
876 1134 920 1181 or
943 1131 1014 1181 run
1037 1130 1146 1180 umus
1169 1130 1213 1178 or
1236 1127 1357 1179 nnunr
1380 1129 1431 1179 111.
1477 1115 1539 1181 311

491 1312 595 1378 nostri
618 1311 716 1377 nohis
738 1309 873 1396 aliquod
895 1307 1089 1386 remedium,
1113 1308 1140 1371 si
1163 1308 1280 1393 placet,
1303 1307 1439 1385 faciatis,
1465 1306 1544 1393 quia

490 1414 695 1491 nesciremus,
717 1434 777 1478 neo
798 1412 908 1497 aliquo
931 1411 1029 1476 modo
1051 1410 1233 1496 poterimus
1256 1409 1396 1474 allevare
1417 1408 1543 1474 dietum

490 1516 662 1603 tallagium
685 1516 721 1579 in
752 1514 834 1579 villa
857 1517 978 1590 nostra,
1003 1511 1046 1578 oh
1076 1516 1304 1600 paupertatem
1331 1511 1543 1599 burgensium

490 1618 578 1682 villos
601 1622 730 1682 nostra.

535 1719 590 1783 Ad
619 1720 688 1784 haeo
720 1718 937 1783 dominationi
969 1718 1089 1782 vestrae
1112 1724 1146 1782 et
1169 1716 1356 1782 discretioni
1379 1716 1542 1802 significa·
1557 1735 1690 1784 u'ecould

491 1843 572 1901 mus,
589 1821 675 1907 quod
698 1823 850 1906 quamvis
864 1819 945 1885 villa
963 1824 1076 1884 nostra
1093 1818 1259 1883 hostiliter
1281 1819 1410 1884 obsessa
1431 1820 1541 1895 fuerit,
1555 1801 1611 1877 'el
1624 1803 1696 1851 “³¹¹⁶

490 1946 548 2009 pro
571 1923 675 1987 nihilo
697 1924 924 1988 dubitaremus
956 1922 1022 1987 nisi
1055 1921 1160 1986 solum
1191 1922 1288 1986 modo
1319 1943 1379 2006 pro
1413 1869 1711 1986 defectuioiiiltbii

490 2025 679 2090 molendini.
726 2026 772 2090 Et
794 2025 914 2090 idcirco
936 2045 1035 2109 super
1068 2023 1138 2099 hoo,
1169 2024 1198 2087 si
1220 2023 1334 2109 plsaet,
1357 1999 1644 2104 consuletis,⁸¹¹¹¹¹¹·

490 2133 524 2191 et
561 2127 656 2191 nobis
693 2126 874 2191 remedium
912 2125 1051 2202 faciatis,
1087 2124 1257 2191 credentes
1297 2125 1325 2189 si
1357 2126 1464 2212 placet
1497 2125 1545 2190 la·

492 2228 617 2293 toribus
640 2229 853 2314 praesentium
876 2229 911 2291 in
934 2226 986 2291 his
1009 2248 1083 2311 quae
1099 2227 1194 2291 vobis
1209 2228 1392 2313 o[1·]etenus
1414 2226 1544 2313 plenius

491 2331 710 2416 exponebunt.
757 2331 877 2416 Vigeat
910 2333 945 2393 et
970 2328 1081 2392 valeat
1104 2329 1283 2394 reverenda
1305 2329 1488 2395 dominatio
1510 2335 1544 2393 et

491 2433 638 2521 dignitas
661 2438 772 2499 vestra
796 2454 854 2518 per
874 2436 1025 2517 tempora
1047 2431 1152 2517 longa

948 2829 1115 2895 DOLVII.

492 2982 654 3048 Wuunuu
667 2999 712 3047 m:
729 2983 902 3061 Vanuucn,
914 2982 1012 3047 Loun
1029 2998 1072 3047 or
1089 2983 1344 3062 Primanorum
1359 3000 1418 3049 urs
1436 2985 1542 3051 Lanu

825 3118 920 3183 (ltoyal
932 3117 1039 3179 Letters,
1051 3118 1100 3168 No.
1113 3122 1210 3182 2,475.)

537 3230 683 3294 William
706 3231 747 3294 de
770 3229 922 3311 Valenoe,
945 3230 1076 3317 seiguor
1105 3230 1146 3296 de
1170 3230 1324 3308 Penbroc,
1347 3253 1368 3295 a
1390 3253 1427 3296 sa
1450 3232 1671 3312 chereMayas,

492 3333 670 3417 conpaigno
694 3337 728 3396 et
750 3332 844 3412 amis,
868 3332 964 3398 salua
1559 3318 1629 3365 ¹²⁶⁷·

537 3434 659 3499 Sochez
683 3457 745 3519 que
772 3457 835 3499 nus
857 3457 919 3500 vus
941 3436 1097 3500 enveoius
1128 3435 1182 3500 Sir
1205 3434 1329 3500 Robert
1358 3436 1399 3500 de
1422 3436 1706 3519 Immerssamenr·

492 3560 513 3600 a
534 3538 646 3621 gar-nir
668 3537 698 3600 le
721 3537 844 3602 chastel
866 3538 907 3602 de
930 3537 1125 3623 Wynoestre
1147 3538 1188 3603 de
1210 3537 1282 3601 blez
1305 3543 1339 3602 et
1361 3538 1402 3603 de
1425 3539 1543 3618 mures,
1556 3507 1695 3628 fflffss

492 3645 526 3702 et
548 3662 568 3701 a
602 3639 748 3702 demoror
772 3641 877 3705 oueke
900 3661 962 3704 vus
983 3662 1004 3703 a
1027 3641 1146 3727 garder
1168 3640 1199 3705 le
1221 3647 1324 3706 avant
1346 3640 1397 3707 dit
1419 3641 1686 3707 chasmnrovision

493 3740 749 3805 ensemblemont
775 3743 817 3806 od
848 3741 903 3806 Sir
927 3742 1053 3806 Martin
1086 3743 1128 3807 do
1151 3742 1277 3808 Roehes
1310 3749 1345 3810 ot
1367 3744 1484 3831 Phelip
1513 3709 1706 3826 leidinlffld

493 3844 593 3907 Clerc.
641 3844 685 3906 Et
708 3866 769 3908 vus
792 3843 845 3907 lur
866 3844 1041 3909 comandez
1064 3845 1187 3930 dapar
1209 3867 1274 3909 unz
1296 3867 1360 3930 que
1381 3847 1406 3911 il
1429 3843 1693 3919 ourentteftfflfle·

493 3967 533 4008 eu
557 3949 629 4008 tute
653 3945 764 4010 choses
787 3968 847 4031 par
868 3967 915 4010 un
936 3946 1033 4011 acord
1056 3953 1092 4012 ot
1123 3970 1183 4033 par
1204 3971 1250 4011 un
1274 3946 1402 4028 conseil,
1427 3954 1462 4013 et
1484 3906 1715 4038 vusffiusstssoffi

492 4048 629 4111 ‹louoms
651 4046 681 4112 lo
704 4070 782 4133 poor
804 4070 859 4112 sur
889 4070 946 4114 eus
977 4056 1036 4114 tuz
1059 4056 1094 4114 et
1125 4049 1166 4113 de
1188 4071 1246 4114 eus
1276 4055 1345 4131 tuz,
1367 4073 1388 4114 a
1410 4044 1699 4116 ornandam·

494 4156 528 4213 ot
551 4174 570 4212 a
593 4171 714 4234 puruor
737 4171 778 4213 en
809 4156 882 4215 tute
908 4150 1019 4215 choses
1049 4150 1152 4217 solom
1175 4174 1231 4217 ceo
1253 4173 1317 4237 que
1339 4173 1402 4217 vus
1434 4172 1547 4217 verrez

494 4273 557 4336 que
573 4272 666 4314 meuz
689 4251 738 4315 ira
753 4273 773 4315 a
788 4251 861 4316 fere.
909 4252 961 4316 En
976 4253 1029 4318 oui
1043 4254 1219 4318 testmoine
1234 4275 1298 4318 uus
1312 4274 1374 4318 vus
1393 4254 1547 4319 enusoins

495 4359 580 4415 cesto
603 4358 713 4419 nostro
736 4353 835 4418 lettre
857 4359 1000 4440 patente.

541 4455 635 4516 Dono
665 4476 685 4517 o
716 4453 890 4540 Bmkinge,
923 4456 954 4520 le
987 4455 1161 4542 Dimeingo
1187 4457 1360 4542 procheine
1391 4479 1484 4544 apres
1513 4458 1548 4524 la

498 4555 686 4633 Asu-ousion,
704 4556 733 4620 le
748 4578 792 4619 an
814 4556 844 4621 lo
866 4577 926 4641 rey
943 4556 1049 4621 Henri
1064 4558 1108 4621 liz
1123 4558 1153 4623 le
1168 4580 1227 4644 rey
1242 4559 1265 4625 J
1268 4560 1353 4626 ohan
1368 4561 1546 4647 cinquante

499 4677 626 4739 pumen.
