4350 6442
603 1273 854 1325 rmusrnarrvn
876 1277 920 1325 or
942 1277 1012 1325 rua
1034 1276 1142 1325 amau
1167 1278 1210 1324 or
1233 1275 1355 1325 sarar
1379 1275 1429 1323 111.
1479 1261 1541 1324 119

471 1452 669 1545 ‚quicquam
701 1459 849 1517 remanet
882 1475 950 1520 sum
987 1452 1165 1518 tenuitatis
1199 1455 1327 1539 partem
1364 1450 1545 1516 liberaliter

470 1542 480 1561 '¹
495 1552 692 1641 largiuntur,
716 1555 797 1639 quin
826 1556 943 1640 potius,
974 1562 1013 1621 ut
1042 1554 1257 1640 frequentius,
1289 1555 1421 1619 incaute
1451 1553 1545 1617 dissi-

491 1661 575 1745 pant
624 1660 658 1721 et
696 1656 910 1742 profundunt.
967 1658 1012 1724 Et
1042 1657 1211 1743 expediret
1249 1661 1328 1724 ante
1365 1655 1544 1721 terminum

452 1746 455 1753 ¹
491 1756 588 1825 illum
626 1757 798 1822 sollicitius
842 1760 1008 1845 inquirere
1048 1781 1122 1847 quac
1160 1764 1294 1846 possent
1334 1755 1544 1844 postmodum

456 1874 459 1879 '
489 1860 607 1949 colligi,
630 1865 665 1926 et
697 1883 841 1947 congruo
865 1866 1012 1948 tempore
1036 1862 1184 1939 adunari,
1216 1861 1244 1925 si
1275 1860 1388 1924 literas
1418 1863 1544 1924 vestras

489 1960 620 2051 primas,
651 1964 801 2028 secrmdis
831 1984 898 2028 non
922 1962 1140 2043 obstantibus,
1164 1959 1341 2028 intenditis
1364 1958 1542 2026 innovare.1

491 2064 649 2132 Intellexi
671 2087 692 2130 a
714 2065 911 2151 quibusdam
943 2065 1148 2132 amicissimis
1170 2064 1252 2130 meis
1275 2062 1364 2149 quod
1379 2063 1544 2150 oportebit

432 2190 443 2201 ·
490 2188 588 2255 super
609 2166 670 2233 hoc
693 2167 805 2232 literas
827 2167 945 2254 prioris
974 2166 1183 2255 provincialis
1205 2165 1337 2253 Angliee
1358 2166 1544 2251 impetrare,

419 2312 422 2317 -
491 2268 611 2357 quibus
633 2268 751 2334 batres
774 2257 895 2355 absque
927 2268 1135 2334 cunctatione
1158 2266 1306 2354 qualibet
1322 2267 1545 2354 obtemperare

415 2470 419 2477 ’
491 2370 767 2559 ourilliiidntplurat
795 2449 864 2538 'Dc
887 2493 1067 2539 successore
1091 2472 1172 2537 mihi
1196 2473 1360 2539 mittendo
1383 2469 1653 2537 maturiusxinua

491 2574 650 2663 oogltetis,
674 2575 790 2640 scituri
821 2575 1000 2642 certissime
1032 2575 1118 2661 quod
1150 2581 1224 2662 post
1253 2574 1342 2641 diem
1370 2568 1686 2669 B.Ma1iae{³4¹‚¹⁰1{{“⁰‘

395 2668 399 2761 f
494 2678 697 2765 Magdaleuae
720 2677 760 2742 de
785 2700 870 2765 saepe
892 2678 962 2744 fato
985 2680 1118 2766 negotia
1149 2700 1201 2744 me
1227 2678 1417 2744 nullatenus
1440 2678 1542 2742 intro·
1555 2684 1664 2751 Employ

493 2780 625 2847 mittam
641 2780 676 2845 in
700 2780 874 2861 Hibernia,
899 2781 1000 2847 etiam
1016 2782 1044 2847 si
1060 2781 1285 2868 duplicaretur
1307 2780 1390 2845 mihi
1406 2779 1544 2868 pecunia
1555 2767 1696 2869 ffiffim

492 2904 641 2949 cauma
662 2904 722 2969 pro
737 2883 924 2970 sumptibus
940 2883 1123 2961 annuatim,
1139 2889 1273 2972 propter
1288 2883 1410 2948 multas
1432 2904 1545 2948 causas
1556 2883 1583 2935 in
1595 2885 1703 2937 aalma.

492 3007 574 3072 quas
596 2985 674 3050 viva
695 3006 774 3050 voce
796 2985 890 3050 vobis
906 2986 1089 3073 exprimam
1106 2987 1178 3052 Deo
1194 2986 1303 3052 dante.
1333 2986 1418 3055 Cum
1433 2989 1545 3051 autern
1637 3060 1640 3067 ,

493 3087 530 3153 in
551 3086 707 3175 Angliam
729 3107 850 3152 venero
873 3088 1001 3154 faciatis
1034 3089 1073 3154 de
1097 3110 1149 3153 me
1172 3087 1261 3174 quod
1284 3091 1403 3155 vestrae
1425 3086 1546 3153 sederit

493 3189 670 3267 voluntati,
711 3195 826 3276 parato
865 3192 976 3277 potius
1017 3192 1052 3255 in
1087 3212 1245 3257 carcerem
1288 3189 1336 3254 ire
1370 3211 1468 3277 quam
1510 3190 1546 3253 in

496 3291 670 3380 Hybernia
709 3314 768 3379 pro
806 3292 909 3358 crucis
946 3294 1080 3381 negotio
1118 3293 1257 3381 amplius
1302 3292 1453 3379 crucifigi.
1501 3291 1546 3355 Et

494 3394 617 3461 credite
641 3393 722 3458 mihi
745 3394 833 3481 quod
856 3396 946 3482 lapso
973 3394 1056 3461 festo
1081 3396 1112 3462 S.
1136 3395 1226 3462 Petri
1249 3397 1292 3461 ad
1307 3394 1450 3459 Vincula
1472 3415 1546 3460 cum

496 3496 586 3561 omni
623 3496 815 3562 festinantia
853 3497 991 3585 dirigam
1032 3498 1068 3562 iu
1099 3498 1255 3585 Angliam
1287 3520 1416 3587 gressus
1450 3518 1547 3563 meos.

496 3600 647 3687 Denique
681 3599 852 3664 numeravi
875 3600 1023 3665 Waltero
1047 3600 1186 3666 Marsilii
1220 3606 1353 3667 centum
1387 3600 1547 3687 quinqua-

495 3703 590 3790 ginta
611 3723 737 3767 maroas
760 3701 885 3767 decimo
908 3707 1003 3767 sexto
1026 3702 1187 3768 kalendas
1210 3702 1234 3768 J
1236 3703 1317 3783 unii,
1340 3725 1474 3791 sperans
1496 3726 1548 3769 mc

495 3808 746 3869 numeraturum
769 3803 875 3869 cidem
898 3803 1123 3870 abundantius
1154 3810 1188 3871 et
1220 3805 1256 3870 in
1282 3805 1383 3872 brevi.
1431 3806 1549 3873 Valeat

496 3906 649 3973 domiuus
671 3928 764 3971 meus
787 3929 844 3993 per
867 3911 1015 3992 tempora
1037 3907 1190 3995 longiora

542 4010 631 4076 Data
653 4009 823 4075 Dublinim
856 4010 982 4075 decimo
1015 4011 1117 4076 tertio
1147 4010 1308 4076 kalendas
1330 4010 1437 4087 Junii,
1461 4034 1548 4076 anno

497 4112 630 4179 Domini
655 4112 827 4177 millesimo
851 4112 1073 4178 ducentesimo
1098 4113 1367 4201 quinquagesimo
1394 4118 1494 4179 sexto.

541 4214 643 4280 Mitto
667 4215 761 4280 vobis
784 4215 959 4280 interclusa
975 4216 1193 4303 praesentibus
1215 4217 1451 4303 transcriptum
1475 4216 1548 4281 lite-

496 4336 604 4383 rarum
628 4341 708 4404 <laras
732 4316 889 4382 fratribus
912 4318 1186 4384 Pumlicatoribus
1209 4318 1406 4385 destinastis

542 4419 714 4487 Iaarbrscd.
748 4420 868 4485 Literm
901 4420 1051 4506 magistri
1086 4419 1256 4485 Laurentii
1293 4421 1333 4485 dc
1357 4420 1546 4486 Swiaercct.

496 4523 569 4589 carad
591 4524 641 4588 De
664 4522 820 4608 magistro
843 4522 1022 4587 Laurentio
1045 4523 1085 4587 de
1109 4521 1282 4588 Someroot.

781 4832 786 4859 ¹
807 4831 933 4893 iarun-ure]
954 4831 988 4879 So
1001 4830 1097 4892 mus·
1108 4829 1122 4879 Ι.
1135 4845 1260 4880 renovare.
