4350 6442
610 1147 858 1200 muusvssmvn
878 1150 924 1199 os
946 1148 1016 1199 oss
1040 1150 1147 1201 sinon
1169 1154 1214 1202 ov
1236 1152 1357 1201 umas
1380 1153 1428 1202 111.
1475 1139 1541 1204 295

491 1347 645 1414 rogamus
677 1327 847 1408 attentius,
882 1331 1043 1414 quatenus
1075 1329 1194 1395 nuntio
1225 1328 1368 1414 ejusdem
1400 1327 1542 1395 dominae
1553 1340 1684 1407 Iaeicester,

492 1430 665 1495 comitissae
687 1430 786 1495 latori
807 1432 1016 1517 pnesentium
1039 1432 1152 1497 literas
1174 1432 1300 1497 domini
1321 1431 1408 1518 mgis
1436 1433 1541 1518 patris
1552 1409 1667 1526 {⁰232}

493 1534 606 1610 nostri,
643 1554 726 1619 quas
770 1534 891 1598 eisdem
935 1535 1144 1620 promisimus
1189 1557 1286 1622 super
1328 1535 1540 1601 restitutione
1554 1541 1700 1620 intentam

493 1639 655 1700 terrerum
676 1658 818 1715 suarum,
840 1637 1041 1717 catallcmm,
1064 1643 1100 1703 et
1121 1660 1230 1704 serum
1245 1659 1388 1718 suarum,
1410 1638 1453 1702 ab
1474 1637 1540 1704 isto
1551 1618 1675 1727 fflssm

492 1735 546 1802 die
582 1737 791 1803 inventorum
828 1739 865 1804 in
902 1739 1030 1819 eisdem,
1069 1760 1129 1827 pro
1166 1740 1305 1828 singuiis
1349 1741 1540 1828 subscriptis
1552 1741 1635 1792 ofhcr

491 1841 736 1906 vicecomitibus
758 1842 903 1907 locorum
924 1842 1063 1909 liberare
1085 1843 1214 1909 faciatis
1236 1844 1374 1908 indilate
1392 1869 1400 1923 ;
1423 1849 1458 1909 et
1479 1808 1697 1910 hoehousehold.

490 1966 600 2010 amone
614 1943 720 2009 nostii
734 1966 802 2009 non
817 1945 998 2011 omittatis:
1021 1946 1178 2011 videlicet
1192 1945 1378 2012 vicecomiti
1394 1946 1539 2027 Kanciae,

492 2069 552 2136 pro
574 2046 708 2112 domiuo
729 2046 764 2111 J.
788 2045 828 2111 de
851 2048 985 2128 Snoves,
1014 2071 1072 2135 pro
1106 2054 1196 2113 terra
1227 2048 1292 2113 sibi
1323 2049 1538 2127 restituenda,

490 2158 527 2218 ct
557 2149 662 2216 eidem
695 2149 880 2215 vicecomiti
910 2172 970 2236 pro
1004 2155 1092 2216 terre
1122 2150 1255 2216 Thomae
1289 2150 1330 2215 de
1367 2150 1540 2217 Sendwioo

491 2253 605 2319 clerico
621 2252 724 2316 eidem
755 2253 969 2333 restituenda,
1002 2258 1036 2318 et
1067 2254 1167 2319 etism
1199 2253 1385 2320 vicecomiti
1415 2254 1541 2320 North·

490 2355 603 2420 folkiae
637 2376 696 2441 pro
729 2355 842 2419 eodem
874 2355 1006 2420 Thema.
1066 2355 1152 2421 Item
1186 2355 1370 2421 vicecomiti
1393 2355 1539 2436 Kanoice

491 2480 551 2544 pro
566 2463 654 2521 terra
669 2457 794 2521 domini
811 2457 954 2534 Ricardi,
969 2458 1105 2523 rectoris
1120 2456 1263 2523 ecclesiae
1278 2458 1319 2522 de
1335 2457 1541 2545 Kemesinge,

493 2566 528 2625 et
564 2559 748 2624 vicecomiti
787 2558 995 2644 Leycestriae,
1032 2582 1092 2644 pro
1126 2565 1216 2624 terra
1237 2558 1396 2624 Willelmi
1434 2560 1542 2625 clerici

492 2662 697 2748 Lcyoestrifc.
738 2661 823 2726 Item
838 2661 1022 2727 vicecomiti
1038 2661 1225 2741 Lincohiiae,
1240 2683 1298 2748 pro
1314 2669 1403 2728 teria
1417 2662 1543 2728 domini

492 2764 625 2829 Radulfi
648 2764 687 2827 de
710 2763 807 2849 Arcy.
863 2764 949 2829 Item
982 2764 1166 2829 vicecomiti
1198 2764 1341 2844 Kanciae,
1365 2787 1424 2851 pro
1455 2769 1543 2830 tersa

493 2865 665 2932 Michaelis
687 2866 727 2930 de
750 2865 956 2952 Kemesinge.
1014 2866 1100 2931 Item
1122 2887 1183 2951 pro
1216 2866 1363 2931 aedificiis
1396 2868 1541 2953 ejusdem

492 2967 660 3033 Michaelis
696 2969 732 3032 in
770 2968 947 3048 Londouia,
981 2967 1167 3034 vicecomiti
1205 2968 1393 3034 Londonioe.
1455 2970 1542 3034 Item

491 3071 674 3137 vicecomiti
707 3071 748 3135 de
781 3069 959 3136 Steffordia
990 3076 1024 3135 et
1057 3068 1247 3135 Warewikc
1278 3074 1313 3134 et
1345 3071 1539 3155 leycestric,

492 3194 551 3259 pro
573 3178 663 3238 terre
685 3170 843 3237 Willelmi
866 3172 907 3237 de
922 3172 1016 3238 Lacu.
1065 3171 1152 3236 Item
1167 3171 1353 3236 vicecomiti
1369 3171 1541 3260 Suthreye,

491 3296 550 3361 pro
573 3272 720 3339 Waltero
751 3273 999 3340 Penchecouste.
1058 3273 1145 3338 Item
1179 3272 1362 3338 vicecomiti
1396 3273 1542 3353 Kenoiae,

492 3398 550 3463 pro
573 3382 661 3440 terra
676 3374 839 3440 Iohannis
854 3375 1004 3461 Spinani
1052 3375 1139 3440 Item
1154 3375 1403 3440 vicecomitibus
1418 3376 1542 3442 North-

491 3478 602 3545 sclkiae
632 3483 666 3544 et
701 3477 909 3555 Suthfolkiae,
941 3500 999 3565 pro
1032 3479 1130 3543 terris
1163 3477 1341 3544 domicellae
1364 3479 1541 3565 Havysice.

495 3583 580 3647 Item
603 3581 726 3647 eisdem
748 3580 1004 3660 vicecomitibus,
1038 3602 1098 3667 pro
1131 3585 1220 3646 terra
1254 3579 1394 3645 Galfridi
1417 3581 1542 3648 North-

491 3684 567 3750 folk
613 3684 699 3749 Item
714 3683 900 3748 vicecomiti
921 3682 963 3748 de
978 3682 1171 3762 Wiltescira
1194 3705 1254 3769 pro
1276 3683 1425 3748 Galfrido
1448 3683 1541 3751 Coeo.

494 3787 580 3852 Item
603 3808 663 3873 pro
685 3786 818 3850 domino
840 3785 875 3850 J.
898 3785 939 3849 de
962 3785 1071 3869 Haya,
1085 3784 1331 3850 vicecomitibus
1347 3785 1542 3864 Suthsexise,

492 3889 636 3969 Kancise,
661 3887 946 3973 Nordamptesine,
971 3885 1192 3966 Gloucestriae‚
1216 3890 1251 3951 et
1272 3887 1459 3968 lincolniae,
1482 3910 1542 3975 pro

492 3993 588 4058 terris
610 3992 676 4055 suis
697 3990 762 4055 sibi
777 3989 997 4054 restituendis.
1043 3989 1130 4054 Item
1145 3989 1329 4054 vicecomiti
1345 3989 1541 4068 Suthsexiae,

493 4115 552 4181 pro
575 4092 670 4158 terris
693 4091 817 4157 domini
851 4090 891 4155 R.
927 4089 1057 4168 Ocrbet‚
1080 4089 1377 4177 Suthhamptesirse
1400 4097 1434 4157 et
1456 4092 1541 4156 Nor·

490 4196 707 4282 hamptesine.
752 4193 839 4257 Item
861 4193 1047 4259 vicecomiti
1061 4193 1207 4270 Kanciae,
1223 4215 1282 4280 pro
1304 4197 1392 4258 terra
1413 4193 1540 4258 domini

492 4299 527 4363 B.
551 4299 591 4360 de
615 4296 837 4382 Otringebere.
884 4295 969 4360 Item
992 4295 1177 4360 vicecomiti
1200 4294 1346 4374 Kancice,
1368 4316 1428 4380 pro
1450 4301 1538 4361 term

490 4399 653 4466 Johonnis
676 4399 717 4463 ‹le
740 4398 977 4485 Becclesangre
1000 4402 1034 4462 et
1057 4397 1177 4483 Rogeri
1200 4397 1240 4461 de
1263 4397 1479 4475 Tilemanson,
1503 4403 1538 4463 et

490 4502 623 4566 Thomcc
646 4501 686 4566 dc
710 4500 902 4587 Crevequer.
949 4500 1034 4565 Item
1057 4499 1241 4566 vicecomiti
1271 4497 1312 4562 de
1335 4498 1536 4577 Herefordia,

491 4628 549 4691 pro
587 4608 676 4666 terra
714 4602 868 4688 Symonis
906 4601 946 4665 de
984 4601 1153 4665 Bodiham.
1222 4600 1307 4664 Item
1353 4601 1536 4666 vicecomiti

493 4706 680 4781 Londoniae,
712 4727 771 4791 pro
805 4712 894 4771 terra
926 4703 1090 4769 Iohannis
1128 4703 1167 4767 de
1207 4701 1388 4789 Ostregate.
1450 4703 1535 4770 Item

489 4810 673 4875 vicecomiti
697 4808 843 4887 Kanciae,
876 4828 934 4893 pro
967 4806 1111 4871 Roberto
1143 4805 1183 4870 de
1218 4804 1394 4871 Chileham.
1450 4806 1535 4871 Item

489 4913 594 4978 eidem
627 4911 816 4989 vicecomiti,
850 4931 907 4995 pro
939 4908 1099 4973 Nicholac
1121 4907 1262 4972 Karrck.
1316 4907 1400 4971 Item
1430 4908 1537 4973 eidem

492 5015 684 5091 vicecomiti,
707 5036 765 5099 prc
788 5011 956 5097 Stephano
979 5011 1020 5076 de
1043 5011 1137 5076 Pirie.
1195 5010 1280 5075 Item
1312 5010 1415 5075 eidem
1450 5011 1536 5077 vice·
