4350 6442
605 1215 851 1267 inuusruarrvu
875 1216 918 1263 er
941 1215 1010 1262 rur
1035 1214 1142 1262 norea·
1167 1216 1211 1261 er
1234 1213 1353 1263 unsar
1378 1213 1426 1263 111.
1479 1198 1542 1261 219

537 1389 717 1454 Nobilitati
755 1393 877 1454 vestrm
916 1388 1145 1474 conquerendo
1183 1387 1405 1475 significamus
1448 1387 1546 1474 quod,
1559 1390 1713 1456 Sinceyour

495 1498 667 1577 postquam
691 1491 862 1577 Philippus
893 1491 923 1556 le
954 1491 1054 1556 Breet
1084 1512 1127 1555 ex
1157 1495 1252 1577 parte
1280 1495 1389 1556 vestra
1416 1489 1458 1554 ad
1485 1472 1703 1584 nosjjj'ffl'

492 1594 634 1671 accessit,
651 1600 690 1659 ut
706 1594 964 1659 constitueretur
979 1593 1049 1658 dies
1073 1600 1107 1658 et
1123 1593 1212 1659 locus
1239 1594 1282 1658 ad
1306 1593 1493 1658 faciendum
1512 1591 1670 1707 etjupiciar
1686 1591 1717 1642 os

492 1697 715 1784 recipiendum
756 1697 919 1772 emendas,
957 1697 1136 1761 secundum
1176 1696 1315 1761 formam
1344 1703 1542 1783 treugarum,
1556 1658 1701 1776 ,cnfjfjm

490 1798 531 1864 de
558 1800 855 1886 interceptionibus
880 1800 1057 1864 earundem
1085 1821 1127 1864 ex
1153 1806 1294 1885 utraque
1317 1804 1413 1886 parte
1437 1799 1542 1877 factis,
1556 1792 1621 1872 ¹¹⁰⁹?
1631 1794 1704 1910 11130

485 1902 690 1987 justiciarius
723 1900 869 1978 Oestriae,
899 1901 1039 1966 barones
1070 1902 1218 1987 partium
1250 1902 1390 1980 illarum,
1415 1908 1449 1966 ct
1482 1901 1543 1965 filii
1557 1874 1657 1976 iiij?

490 2005 615 2070 domini
637 2003 802 2069 Jobannis
826 2004 990 2068 Extranei
1012 2004 1133 2090 plures·
1153 2004 1352 2091 irruptiones
1374 2009 1409 2070 et
1442 2003 1542 2069 insul·
1556 1993 1691 2111 ffiffos

490 2119 544 2172 tus
574 2106 721 2173 fecenurt
750 2107 786 2171 in
813 2112 918 2171 terras
949 2106 1063 2172 dilecti
1094 2112 1128 2172 et
1154 2106 1262 2172 fidelis
1287 2108 1393 2173 nostri
1418 2107 1543 2172 domim
1557 2127 1701 2179 Bromreod.

493 2210 625 2274 Griffini
652 2210 693 2274 de
714 2209 902 2286 Bremfeud,
929 2209 1026 2275 villas
1048 2209 1278 2287 comburendo,
1304 2212 1432 2297 praedas
1464 2211 1543 2275 diri-

492 2313 622 2399 piendu
638 2312 787 2376 homines
815 2312 975 2397 quosdam
998 2312 1183 2389 occidendo,
1199 2312 1360 2398 quosdam
1377 2308 1543 2401 capiendo.

491 2418 537 2481 Et
566 2437 655 2480 nunc
683 2415 803 2480 ultimo
834 2416 889 2480 (lie
925 2417 1028 2480 Lunae
1059 2415 1212 2501 proxima
1241 2419 1318 2502 post
1355 2417 1477 2481 festum
1508 2417 1544 2481 Β.

491 2519 646 2584 Matthaei
680 2518 828 2605 apostoli,
859 2541 933 2583 cum
967 2518 1038 2583 dies
1068 2518 1125 2582 ille
1155 2524 1241 2583 esset
1272 2519 1473 2583 constitutus
1503 2519 1545 2582 ad

489 2621 676 2686 habendum
708 2622 971 2707 parliamentum,
1004 2621 1093 2686 inter
1129 2643 1190 2685 nes
1228 2642 1268 2686 ex
1292 2642 1360 2686 una
1396 2628 1490 2708 parte
1512 2626 1546 2686 et

491 2725 616 2789 dictum
649 2723 872 2809 justiciarium
911 2746 952 2789 ex
982 2723 1096 2803 altera,
1128 2723 1317 2789 hominibus
1346 2723 1467 2789 nostris
1512 2730 1547 2791 ct

492 2825 680 2891 horninibus
703 2826 783 2892 dicti
807 2826 938 2891 Griflini
969 2826 1176 2913 congregatis
1208 2825 1251 2890 ad
1281 2827 1405 2891 <lictum
1429 2827 1547 2914 parlia-

492 2933 650 3007 mentum,
673 2928 781 2993 dictus
804 2929 1019 3014 justiciarius,
1042 2950 1117 2993 cum
1149 2951 1209 2993 sua
1230 2930 1370 3015 sequela,
1393 2952 1546 3016 magnam

491 3032 637 3117 predam
669 3031 706 3095 in
743 3030 809 3096 alia
839 3037 935 3117 parte
966 3037 1065 3096 terrae
1098 3031 1179 3096 dicti
1218 3030 1349 3096 Griffini
1391 3032 1478 3118 cepit
1512 3042 1547 3097 et

492 3134 613 3221 abegit
662 3134 772 3214 Unde,
815 3135 894 3220 quia
929 3133 987 3198 diu
1027 3156 1096 3199 non
1135 3155 1309 3221 pessumus
1347 3135 1418 3220 pati
1463 3136 1546 3201 tales

491 3238 761 3322 tmusgressienes
786 3237 908 3301 multas
930 3236 1137 3322 pertransire,
1161 3236 1388 3301 excellentiam
1403 3242 1546 3303 vestram

492 3362 645 3425 regamus
686 3345 848 3425 quatenus
877 3340 920 3403 ael
955 3337 1220 3403 emendationem
1250 3338 1412 3404 dictarum
1440 3345 1546 3404 trans·

492 3444 695 3528 gressionurn
719 3464 838 3507 sanum
871 3448 905 3507 et
927 3446 1095 3506 urarturum
1119 3441 1231 3506 velitis
1252 3441 1425 3507 consilium
1448 3464 1547 3529 appo-

492 3567 578 3619 nere,
602 3567 643 3607 ne
671 3566 729 3630 pro
759 3543 889 3608 defectu
913 3543 970 3629 jus
988 3543 1058 3609 itiee
1088 3565 1215 3609 necesse
1249 3544 1436 3625 habeamus,
1459 3546 1547 3632 qued

493 3647 590 3724 arbeit,
613 3669 759 3733 quaerere
781 3647 971 3713 rindictam.
1018 3645 1137 3713 Valeat
1160 3647 1318 3714 nobilitas
1339 3654 1457 3714 vestra

927 4166 1114 4232 DLXXXI.

501 4314 618 4379 Percu
651 4331 698 4379 nr:
723 4314 918 4377 Mourreur
947 4330 990 4378 ro
1014 4312 1138 4379 Rooun
1168 4332 1211 4379 na
1239 4316 1363 4394 Broon,
1386 4316 1483 4382 Earn
1506 4336 1550 4383 or

798 4416 980 4493 Nearomr,
1004 4431 1077 4481 aar>
1101 4434 1242 4483 erasus.

830 4556 924 4621 (Royal
938 4556 1043 4611 Lettcrs.
1058 4556 1107 4605 No.
1123 4561 1216 4621 15:03⁰.)

542 4668 591 4730 As
628 4666 742 4729 nobles
780 4664 862 4730 srers
900 4688 917 4730 e
948 4688 969 4729 a
1010 4687 1061 4730 ses
1093 4671 1160 4730 tres
1189 4667 1281 4732 ohers
1311 4669 1500 4756 seigneours
1530 4692 1617 4743 coct.
1631 4698 1654 4754 a,

498 4771 581 4835 auris
612 4790 690 4832 rnen
721 4768 784 4832 sire
817 4768 925 4854 Roget
953 4768 984 4832 le
1014 4769 1122 4854 Biged
1153 4776 1273 4835 countc
1303 4772 1343 4837 dc
1381 4773 1508 4840 Nerfok
1531 4766 1636 4842 0¹²⁶²

500 4872 679 4937 nrarescbal
722 4871 763 4935 de
805 4871 1007 4956 Engleterre,
1048 4892 1127 4935 mon
1166 4873 1230 4938 sire
1271 4874 1404 4962 Phelipo
1436 4877 1551 4944 Birsset

497 4975 617 5057 justice
652 4975 693 5037 «le
718 4974 919 5057 Eugletcrrc,
943 4972 1008 5037 sire
1041 4973 1152 5038 Jeban
1185 4976 1335 5041 Mauncel
1369 5000 1386 5043 e
1418 4979 1550 5046 Rober·d

500 5076 712 5151 Waleraund,
729 5075 838 5140 Peiros
861 5076 902 5141 dc
925 5076 1111 5142 lleuntlort
1136 5077 1223 5143 solus
1246 5104 1264 5144 e
1287 5084 1377 5147 tutes
1399 5082 1548 5149 honours.
