4350 6442
604 1203 855 1255 rmusrasmvu
877 1206 922 1254 or
945 1206 1016 1254 run
1038 1208 1145 1256 muns
1169 1209 1213 1258 or
1236 1207 1358 1258 suuni·
1382 1208 1431 1257 111.
1479 1193 1543 1257 285

493 1390 588 1447 cerrae
611 1388 733 1448 nostrae
755 1403 816 1446 nos
838 1384 874 1446 et
895 1380 1118 1466 principatum
1151 1385 1302 1444 nostrum
1326 1384 1440 1444 tenore
1461 1401 1544 1465 prrs-

491 1483 635 1549 sentium
658 1484 847 1571 obligamus,

535 1586 728 1651 duravimus
751 1587 885 1672 insuper
918 1584 961 1649 ad
992 1587 1108 1649 ainata
1129 1583 1193 1648 Dei
1216 1582 1399 1670 Evangelia
1428 1606 1488 1649 nos
1510 1589 1545 1649 et

492 1694 663 1774 magnates
702 1687 808 1753 nostri
847 1685 1009 1775 praedicti,
1043 1686 1131 1771 quod
1169 1685 1361 1771 pnadictani
1398 1685 1545 1773 pecuniae

491 1811 653 1856 summam
683 1812 742 1877 per
773 1788 953 1877 particulas
984 1793 1181 1853 memoratas
1215 1787 1285 1852 sine
1307 1788 1417 1873 aliqua
1439 1786 1546 1852 dimu-

492 1892 630 1957 nutione
667 1892 721 1958 vel
758 1892 873 1957 fraude
904 1891 1032 1978 integre
1070 1896 1105 1956 et
1142 1890 1288 1976 plenarie
1325 1890 1545 1978 persolvemus

492 1993 608 2059 <liebus
630 1999 664 2060 et
687 1994 757 2060 1000
780 1993 1020 2082 suprascriptis,
1035 1993 1122 2058 sicut
1140 1991 1417 2078 praedictumlest.

538 2095 813 2182 Recognoscimus
858 2096 959 2162 etiam
1002 2095 1091 2181 quod
1130 2095 1353 2181 principatum
1395 2099 1544 2160 nostrum

493 2197 632 2279 Walliae,
659 2205 694 2264 et
726 2199 837 2263 omnia
868 2219 941 2284 quse
969 2198 1129 2263 habemus
1156 2204 1192 2263 et
1215 2205 1373 2277 tenemus,
1395 2203 1546 2263 tenemus

494 2300 534 2364 de
556 2300 690 2366 domino
721 2307 834 2366 nostro
867 2323 943 2387 rege
976 2299 1140 2388 pmedicto.
1187 2299 1234 2364 Et
1257 2300 1364 2365 eidem
1387 2306 1545 2387 tanquam

494 2402 627 2467 domino
658 2403 781 2469 servire
813 2409 847 2468 et
881 2402 1012 2468 obedire
1035 2402 1269 2490 promittimus,
1293 2408 1327 2468 et
1349 2404 1460 2468 omnia
1481 2426 1547 2467 ser-

493 2504 577 2569 vitia
599 2526 659 2590 pro
682 2505 779 2569 dictis
810 2504 1000 2591 principatu
1034 2511 1069 2570 et
1102 2504 1178 2568 aliis
1212 2505 1364 2569 omnibus
1399 2528 1472 2591 qurc
1505 2505 1546 2570 dc

493 2607 565 2692 ipso
587 2612 738 2672 tenemus
760 2606 824 2671 sibi
855 2611 889 2671 et
921 2606 1097 2671 heredibus
1130 2607 1197 2670 suis
1224 2606 1337 2686 facere,
1360 2630 1433 2693 quse
1456 2607 1546 2694 prin-

494 2709 582 2794 cipes
597 2708 727 2774 Wallise
750 2708 999 2795 prsedecessores
1021 2708 1128 2774 nostri
1150 2708 1213 2773 sibi
1234 2714 1269 2773 et
1289 2710 1546 2775 antecessoribus

494 2811 563 2875 suis
596 2812 729 2898 regibus
760 2811 892 2896 Angliru
925 2811 1028 2877 liaccre
1062 2819 1305 2877 consueverunt
1337 2819 1396 2878 aut
1427 2812 1547 2877 debuc-

494 2919 582 2978 runt.

539 3015 733 3079 duravimus
771 3036 899 3101 quoque
938 3037 997 3080 nos
1035 3020 1069 3080 et
1108 3022 1281 3103 magnates
1319 3017 1426 3081 nostri
1464 3038 1547 3103 pnn-

496 3116 586 3196 dicti,
619 3118 716 3182 tactis
747 3117 959 3183 sacrosanctis
994 3116 1182 3203 evangeliis,
1215 3118 1302 3204 quod
1334 3119 1546 3204 magnatibus

495 3219 588 3303 regni
623 3219 754 3306 Angliae
786 3219 1028 3284 ordinationem
1062 3242 1160 3307 super
1191 3220 1386 3286 liberatione
1419 3221 1545 3286 domini

498 3321 664 3399 Edwardi‚
689 3321 746 3407 qui
771 3322 894 3386 desua
916 3322 1090 3387 voluntate
1125 3344 1183 3408 pro
1215 3345 1293 3409 pace
1324 3324 1417 3410 regni
1452 3324 1546 3388 obses

496 3424 594 3488 datus
626 3424 735 3488 fuerat
768 3444 826 3510 pro
858 3446 935 3510 pace
970 3424 1041 3510 ipsa
1074 3425 1296 3501 assecuranda,
1331 3447 1436 3512 nuper
1458 3425 1545 3490 Lon-

495 3525 602 3590 doniae
633 3526 807 3612 provisam,
831 3532 866 3590 et
889 3525 1015 3590 domini
1037 3526 1124 3611 regis
1156 3548 1194 3591 aa
1225 3526 1440 3613 plurimorum
1463 3549 1546 3614 prse-

493 3627 638 3693 latorum
660 3629 753 3715 regni
780 3627 897 3715 sigillis
929 3627 1168 3714 consignatam,
1199 3650 1327 3693 servare
1357 3628 1546 3694 volentibus

495 3730 741 3806 adhaerebimus,
758 3736 792 3795 et
814 3730 856 3794 ad
879 3729 1120 3797 ordinationem
1144 3730 1246 3816 ipsam
1269 3731 1546 3798 manutenendum

494 3839 666 3920 magnates
707 3833 794 3918 ipsos
832 3853 905 3897 011111
944 3838 1015 3898 toto
1061 3854 1153 3919 posse
1198 3838 1313 3898 nostro
1353 3834 1546 3920 juvabimus

496 3942 611 3999 contra
633 3956 744 4001 omnes
767 3934 840 3999 illos
866 3934 923 4019 qui
953 3935 1195 4000 ordinationem
1230 3937 1333 4023 ipsam
1368 3937 1546 4025 infringere

496 4060 553 4103 seu
568 4043 738 4124 magnates
754 4038 842 4122 ipsos
863 4058 1002 4122 gravare
1023 4038 1264 4103 attentaverint
1287 4061 1417 4125 quoquo
1440 4041 1545 4106 modo.

542 4140 766 4206 Concessimus
807 4138 907 4203 etiam
961 4139 1083 4203 bonam
1128 4140 1270 4226 gratiam
1315 4147 1469 4218 nostram,
1512 4148 1546 4208 et

495 4243 590 4330 plene
613 4264 650 4307 ac
672 4263 752 4329 pure
775 4240 976 4306 remittimus
1007 4263 1136 4306 omnem
1168 4263 1337 4309 rancorem
1360 4249 1394 4309 et
1416 4267 1545 4310 omnem

496 4346 653 4409 offensam
699 4365 798 4430 quam
848 4364 908 4407 uos
955 4342 1008 4407 vel
1058 4344 1162 4409 nostri
1209 4344 1383 4410 habuimus
1432 4354 1547 4413 contra

496 4446 643 4511 homines
665 4453 773 4511 castra
802 4445 856 4509 vel
887 4443 984 4508 villas
1015 4466 1073 4530 per
1107 4444 1275 4509 dominum
1310 4468 1418 4532 regem
1454 4447 1547 4513 nobis

496 4571 662 4614 concessas
700 4547 932 4612 inhabitantes.
995 4547 1040 4610 Et
1078 4547 1230 4611 volumus
1261 4570 1299 4612 aa
1340 4549 1545 4615 concedimus

495 4675 554 4738 pro
577 4650 731 4715 nobisne
761 4651 883 4715 nostris
914 4650 1002 4735 quod
1035 4649 1096 4734 ipsi
1129 4647 1162 4712 iu
1199 4649 1350 4715 domibus
1381 4658 1416 4715 et
1449 4653 1546 4717 terris

495 4754 563 4818 suis
585 4776 659 4818 cum
683 4753 777 4816 bonis
810 4751 878 4816 suis
909 4750 1061 4815 onmibus
1095 4750 1157 4815 sub
1191 4751 1286 4815 nobis
1308 4752 1438 4837 liacifice
1462 4776 1546 4819 com-

495 4856 614 4920 morari
638 4855 764 4940 possint
787 4861 822 4919 et
845 4853 965 4939 quiete,
987 4852 1136 4918 faciendo
1159 4853 1255 4918 nobis
1275 4853 1388 4920 debita
1410 4856 1545 4922 seruitia

495 4956 824 5043 111111111011111111101110Ι
855 4956 960 5022 facem
994 4963 1244 5035 consueverunt,
1272 4958 1391 5036 11111,οἰ
1426 4959 1546 5024 malue-

495 5062 572 5134 rint,
596 5083 668 5125 cum
701 5059 797 5121 honis
829 5058 895 5121 suis
926 5058 1078 5121 omnibus
1101 5057 1202 5122 libere
1225 5059 1380 5135 recodere,
1414 5069 1448 5126 et
1479 5084 1545 5147 quo
