4350 6442
583 1094 626 1158 (50
695 1138 698 1143 .
740 1104 1093 1157 eorumeorurn
1115 1107 1326 1158 ursrourcln
1347 1106 1497 1159 remens

414 1288 504 1352 bi⁸h0r
585 1280 771 1359 Cornubiae,
795 1279 892 1344 fratri
915 1284 1038 1359 nostro,
1061 1284 1096 1345 ct
1119 1279 1219 1345 Petro
1241 1280 1284 1345 de
1306 1279 1483 1360 subaudis,
1506 1281 1642 1369 plenem

412 1355 562 1486 {Joffmd
584 1382 735 1498 dedimus
773 1386 975 1497 potestatem
993 1382 1050 1497 ad
1081 1381 1327 1468 prorogandum
1365 1388 1517 1499 treugum
1551 1383 1645 1499 inter

413 1486 535 1670 iiiii
583 1483 1327 1671 lllllllllllllltlmlll
1346 1483 1513 1651 litii
1531 1485 1643 1651 {illl

413 1634 460 1670 our
512 1634 549 1670 ce.
580 1710 664 1768 rum,
700 1638 754 1752 vel
786 1637 900 1772 usque,
923 1687 967 1753 ed
1004 1686 1197 1753 ulteriorem
1234 1687 1423 1765 torminum,
1455 1687 1639 1755 secundum

580 1789 670 1875 quod
705 1788 853 1854 viderint
891 1789 1069 1875 expedire3
1108 1794 1220 1854 ratum
1254 1788 1404 1854 habituri
1436 1793 1471 1855 et
1501 1795 1638 1877 gratum

581 1891 738 1979 quicquid
761 1890 824 1977 ipsi
848 1913 946 1978 super
968 1891 1029 1957 hoc
1051 1891 1211 1956 duxerint
1226 1890 1422 1956 faciendum.
1469 1891 1512 1957 ln
1541 1892 1637 1978 cujus

579 1994 625 2060 rei
642 1993 870 2060 testimonium
886 1992 945 2057 has
961 1993 1074 2058 literas
1089 1999 1220 2058 nostrus
1235 1993 1307 2058 fieri
1323 1992 1460 2059 fecimus
1475 1998 1638 2081 putentes

622 2095 720 2162 Teste
751 2116 804 2160 me
838 2095 910 2182 ipso
940 2096 1029 2182 apud
1061 2094 1402 2172 westmonasterium,
1439 2100 1559 2163 octavo
1582 2096 1638 2163 die

581 2196 697 2263 Martii
730 2219 819 2263 anno
842 2196 936 2284 regni
959 2196 1066 2263 nostri
1090 2196 1257 2262 tricesimo
1280 2203 1406 2283 quarto.

984 2582 1220 2651 CCOOLXIV.

635 2720 766 2785 Hm'ur
782 2718 848 2784 ΙΙΙ.
872 2735 915 2784 ro
937 2736 1008 2783 run
1032 2719 1166 2783 Brsuor
1188 2736 1232 2783 or
1255 2719 1402 2785 Lounos
1425 2734 1499 2785 nuo
1521 2734 1581 2785 urs

1019 2823 1195 2889 Ornemu

922 2960 1018 3027 (lloyel
1029 2960 1136 3022 letters,
1147 2960 1197 3012 No.
1209 2963 1281 3024 467.)

410 3091 485 3154 April
500 3099 538 3155 ro,
624 3075 796 3152 Hemicus,
823 3075 886 3139 Dei
909 3074 1017 3160 gratio
1038 3095 1099 3138 rex
1115 3074 1255 3160 Angliae,
1274 3073 1428 3139 dominus
1452 3074 1634 3151 Hiberniae,

411 3163 482 3210 ¹²⁵⁰·
577 3178 647 3243 dux
684 3176 900 3242 Nonnunniae
938 3175 1162 3261 Aquitonniae,
1199 3182 1236 3240 et
1275 3197 1381 3242 comes
1419 3176 1634 3263 undennis»,

578 3279 756 3345 venerabili
795 3280 831 3343 in
869 3277 1001 3344 Christo
1039 3276 1127 3364 patri
1168 3278 1346 3363 R[icnrdo]‚
1377 3278 1492 3343 eadem
1521 3279 1633 3364 gratie

578 3381 794 3447 Londonicnsi
818 3380 976 3467 episcopo,
1001 3386 1036 3444 et
1058 3378 1128 3464 ejus
1151 3378 1314 3455 officiario,
1337 3380 1487 3445 salutem.

407 3498 518 3554 Youue
628 3484 712 3549 Cum
750 3482 881 3568 cupellae
919 3486 1042 3545 nostrie
1079 3481 1122 3543 nb
1161 3481 1249 3545 omni
1288 3481 1531 3546 contributione
1576 3505 1634 3549 scu

410 3566 564 3699 ffiffflffffiy
581 3584 716 3649 collecto
746 3606 765 3648 a
799 3589 945 3668 tempore
969 3604 1034 3668 quo
1058 3603 1125 3646 non
1150 3587 1245 3647 extet
1280 3583 1436 3647 memorio
1470 3582 1634 3649 imrnuucs

408 3700 536 3776 cenninu-
579 3686 755 3751 extiterint
778 3688 812 3751 et
846 3683 967 3759 libone,
990 3684 1152 3749 mimnrur
1174 3705 1242 3750 nou
1274 3684 1439 3749 immerito
1462 3691 1497 3749 et
1520 3706 1632 3751 move·

407 3774 507 3881 {ffifn
520 3768 563 3818 ‘¹¹⁰
578 3811 660 3863 mur,
695 3788 782 3873 quod
817 3786 983 3853 occasione
1021 3786 1139 3872 gratim
1178 3785 1311 3850 domino
1346 3785 1574 3851 Cuntuuriensi
1612 3810 1633 3852 n

405 3883 514 3965 chipels
578 3890 711 3955 domiuo
734 3910 818 3975 papa
840 3908 997 3952 concessre
1020 3910 1040 3950 a
1062 3886 1187 3951 clericis
1211 3887 1332 3952 uostris
1355 3887 1478 3952 eisdem
1500 3888 1633 3975 capellis

577 3990 838 4058 deservientibus
862 3988 1045 4053 subsidium
1069 3994 1263 4073 extorquere
1287 3989 1493 4074 praesumitis,
1509 3989 1547 4054 in
1565 4012 1631 4055 non

577 4095 741 4161 modicum
775 4093 874 4179 regite
909 4089 1085 4177 dignitatis
1120 4090 1347 4176 praejudicium
1375 4095 1409 4156 et
1443 4112 1632 4177 gruvnmen.

578 4198 629 4262 Ne
652 4196 756 4283 igitur
778 4193 956 4260 ennmdem
979 4193 1086 4256 status
1110 4193 1270 4277 pristinus
1302 4198 1336 4257 et
1370 4192 1571 4279 approbatus
1596 4194 1630 4259 in

575 4300 685 4384 nliquo
720 4296 945 4373 deterioretur,
986 4293 1072 4358 sieut
1110 4315 1169 4358 nec
1203 4293 1355 4358 volumus
1385 4315 1445 4359 mc
1475 4294 1632 4361 debemus

575 4403 745 4476 sustinere,
779 4398 873 4463 vobis
906 4395 1102 4461 mundamus
1133 4395 1272 4460 limritcr
1309 4395 1506 4471 inhibentes,
1544 4396 1632 4463 sicut

576 4502 746 4567 lumniam
782 4520 880 4586 quom
912 4498 952 4563 de
985 4497 1080 4562 nobis
1113 4497 1232 4562 tenetis
1267 4496 1415 4583 diligitis,
1438 4519 1480 4562 nc
1512 4497 1633 4584 uliquis

577 4605 609 4668 iu
633 4604 745 4669 liberis
767 4600 900 4688 capellis
922 4601 1042 4664 nostris
1065 4599 1101 4663 in
1126 4599 1256 4664 dioecesi
1279 4604 1390 4664 restro
1419 4600 1632 4681 constitutus,

576 4707 627 4771 vel
659 4727 771 4770 earum
802 4702 986 4790 prebendis
1010 4701 1079 4766 sire
1103 4701 1254 4780 ccelesiis,
1277 4700 1321 4764 nd
1351 4702 1629 4767 contributioncm

575 4809 717 4893 aliquam
767 4828 825 4870 scu
871 4804 1049 4883 collectum,
1087 4803 1122 4866 in
1168 4802 1351 4867 subsidium
1396 4802 1631 4889 cujuscumque

577 4909 766 4983 faciendum,
796 4928 836 4969 cx
873 4904 1034 4969 fructibus
1068 4903 1245 4970 earundem
1283 4904 1482 4969 auctoritate
1519 4904 1632 4990 aliqua

575 5011 765 5099 compellere
780 5007 993 5097 pnesumutis,
1008 5007 1062 5071 vel
1076 5006 1202 5091 aliquid
1226 5006 1358 5071 domino
1374 5028 1467 5093 nureo
1482 5006 1631 5073 reseratis
