4350 6442
505 1571 578 1622 Iaend
589 1570 631 1622 W.

505 1639 537 1688 de
548 1637 644 1689 chrro-

506 1704 548 1754 lon
559 1703 634 1766 ⁴001„

506 1785 539 1819 on
551 1786 597 1821 our

505 1837 634 1898 urrisu

672 1166 714 1226 50
821 1175 935 1226 nom
957 1176 1031 1225 Ano
1053 1175 1169 1225 omna
1191 1174 1399 1225 meromcn.
1421 1175 1569 1225 wrrm

672 1360 793 1427 dilecto
827 1361 890 1426 sibi
917 1361 953 1425 in
980 1359 1114 1426 Ohn'sto
1137 1358 1233 1425 fratri
1267 1359 1370 1446 priori
1404 1357 1590 1447 Hospitalis
1611 1356 1647 1426 S
1668 1356 1734 1425 Jo-

673 1464 792 1529 hannis
815 1463 1090 1549 Jerosolymitani
1112 1463 1147 1526 in
1171 1462 1319 1539 Francia,
1343 1462 1492 1528 salutem.

718 1566 886 1632 Dilectum
909 1565 1005 1630 nobis
1026 1565 1063 1629 in
1078 1562 1211 1630 Christo
1226 1564 1365 1630 fratrem
1379 1564 1576 1652 magistmm
1598 1562 1733 1631 militias

674 1666 802 1756 Templi
825 1668 862 1733 in
885 1666 1025 1733 Francia
1057 1689 1212 1754 rogamus
1243 1667 1368 1733 nostris
1401 1667 1595 1754 patentibus
1620 1666 1732 1733 literis

674 1777 714 1837 ua
729 1771 864 1837 domino
880 1771 1065 1836 Gualahero
1089 1769 1130 1835 de
1146 1769 1320 1836 Chastilon
1335 1770 1406 1835 sine
1429 1768 1591 1837 dilatione
1605 1768 1733 1835 babere

505 1903 655 1955 them„
673 1872 774 1940 faeiat
796 1874 1052 1963 quadringentas
1075 1873 1177 1938 libras
1202 1872 1455 1960 sterlingorum
1480 1877 1515 1940 et
1537 1892 1598 1938 nos
1620 1870 1733 1938 eidem

505 1970 536 2019 os
542 1970 585 2021 the

506 2035 612 2102 Temple

506 2103 566 2155 does
577 2112 628 2155 not.

501 4923 578 4989 Early
590 4924 616 4975 in

503 4996 565 5041 lass
580 4994 591 5042 l

674 1977 832 2064 magistro
855 1977 939 2043 solvi
970 1976 1127 2042 faciemus
1150 1977 1325 2042 annuatim
1352 1980 1487 2041 eentum
1519 1974 1620 2041 libras
1646 1978 1733 2039 stor-

673 2078 848 2166 lingorum
871 2080 975 2145 donee
1006 2079 1037 2144 ei
1060 2076 1204 2163 deipsis
1239 2076 1490 2165 quadringentis
1511 2075 1606 2142 libris
1626 2074 1733 2141 fuerit

674 2181 820 2268 plenarie
842 2180 1056 2247 satisfactum.
1104 2180 1192 2261 Quia
1214 2201 1292 2245 vero
1314 2181 1356 2246 de
1378 2180 1554 2245 voluntate
1577 2178 1733 2266 praedicti

673 2283 824 2370 magistri
846 2284 943 2349 nobis
965 2285 1001 2347 in
1035 2283 1096 2347 hae
1128 2286 1221 2369 porte
1243 2302 1312 2347 non
1345 2287 1484 2360 constat,
1508 2286 1545 2347 et
1565 2281 1733 2347 nollemus

673 2385 762 2470 quod
795 2384 904 2451 dietus
928 2383 1130 2450 Gualaherus
1153 2406 1213 2472 pro
1245 2383 1376 2450 defectu
1409 2383 1557 2472 puefatae
1579 2383 1733 2471 pecuniae

674 2487 832 2553 damnum
855 2489 1059 2565 incurreret;
1090 2486 1299 2552 dilectionem
1333 2492 1478 2552 vestram
1505 2491 1635 2553 attente
1657 2506 1733 2573 pne·

673 2608 787 2656 camur
809 2594 982 2674 quatenus,
1005 2589 1034 2653 ai
1056 2587 1236 2675 praedictus
1267 2588 1427 2675 magister
1447 2589 1604 2676 praefatus
1625 2586 1733 2675 qnad-

673 2691 842 2778 ringentas
891 2692 992 2755 libras
1029 2695 1211 2757 memorate
1259 2689 1444 2757 Gualehero
1490 2690 1611 2757 habere
1659 2710 1731 2757 non

674 2792 795 2872 feeerit,
820 2814 879 2858 vos
901 2793 932 2858 ei
955 2793 1041 2881 ipsas
1064 2793 1135 2858 sine
1159 2792 1320 2858 dilatione
1342 2792 1464 2858 habere
1486 2792 1625 2872 faciatis,
1641 2793 1731 2858 sient

675 2916 734 2959 nos
766 2895 907 2982 diligitis
919 2920 927 2974 ;
973 2900 1007 2960 et
1040 2916 1101 2960 nos
1130 2895 1297 2960 solvemus
1330 2894 1427 2960 vobis
1457 2894 1598 2981 singulis
1631 2894 1731 2959 annis

673 3004 806 3061 eentum
841 2996 941 3061 libras
974 2997 1217 3083 sterlingorum,
1242 3018 1411 3083 quousque
1438 2996 1537 3062 dietae
1570 2996 1730 3082 quadrin-

673 3103 782 3183 gentae
805 3099 898 3164 libna
914 3099 1008 3163 vobis
1031 3098 1175 3185 plenarie
1198 3098 1267 3163 sint
1289 3099 1416 3175 soluta,
1431 3100 1517 3163 siout
1532 3098 1729 3185 praedictum

673 3206 732 3266 aa.
777 3200 924 3267 Tantum
956 3202 1068 3286 itaque
1100 3221 1198 3287 super
1230 3201 1388 3286 pnedicto
1422 3202 1558 3288 negotio
1589 3201 1730 3275 faciatis,

673 3303 761 3386 quod
810 3326 908 3390 penes
954 3325 1014 3368 vos
1060 3302 1177 3367 saltem
1224 3324 1334 3389 preces
1380 3307 1504 3369 nostras
1549 3302 1729 3369 efficaciam

673 3403 826 3485 habeant,
842 3411 877 3470 et
899 3405 987 3491 qnod
1011 3425 1070 3470 ros
1094 3405 1270 3469 debeamus
1285 3405 1368 3469 alins
1390 3405 1426 3470 in
1441 3406 1562 3471 restria
1584 3406 1730 3493 negotiis

673 3528 747 3570 eum
770 3507 944 3572 uberrimis
966 3508 1151 3595 gratiaram
1167 3508 1352 3573 notionibus
1375 3508 1604 3575 favorabiliter
1627 3530 1730 3575 exan-

673 3607 750 3672 dire.
809 3610 849 3672 ln
882 3610 974 3695 eujus
1011 3609 1058 3675 rei
1091 3610 1318 3675 testimonium
1350 3610 1410 3675 bas
1443 3610 1559 3676 literas
1597 3620 1730 3677 nostras

673 3710 767 3774 vobis
790 3711 955 3777 mittimus
982 3718 1142 3798 patentes.

718 3812 813 3878 'l'este
843 3836 895 3879 me
931 3816 1009 3900 ipso,
1032 3816 1121 3901 apud
1152 3814 1395 3901 Lutegareslral,
1421 3815 1578 3881 m'oesimo
1607 3820 1729 3881 octavo

673 3913 726 3977 die
749 3916 772 3979 J
775 3917 855 3995 unii,
878 3939 963 3982 anno
986 3919 1077 4003 regni
1102 3918 1208 3982 nostri
1231 3939 1280 3981 xx
1310 3967 1318 3985 .
1341 3968 1348 3983 .
1371 3967 1380 3987 .

1107 4458 1290 4527 CCCOLV.

713 4632 789 4695 Tm:
812 4631 942 4696 Maron
963 4643 1037 4696 nun
1060 4628 1197 4696 Juarrs
1220 4644 1264 4693 or
1287 4626 1370 4692 an
1392 4642 1436 4691 ro
1460 4626 1591 4693 Hmar
1616 4626 1682 4692 III.

1002 4779 1098 4844 (ltoyal
1109 4778 1214 4839 latren,
1230 4777 1278 4829 No.
1294 4779 1388 4837 1,061.)

713 4897 998 4964 Exeellentissimo
1037 4898 1172 4961 domino
1207 4920 1265 4963 sno
1304 4896 1458 4975 llenrieq
1508 4894 1567 4959 Ilei
1614 4896 1724 4981 gnatia

667 5000 788 5067 illustri
813 5002 879 5088 rogi
907 4999 1047 5087 Anglia‘,
1078 5001 1211 5065 domino
1243 4998 1423 5075 Hibernia»,
1447 4998 1523 5063 <luci
1561 4997 1725 5063 Numam-

667 5106 731 5171 niu·
765 5104 966 5191 Aqnimnira,
999 5103 1112 5169 eomiti
1152 5103 1368 5192 Andegavina
1403 5100 1454 5165 aui
1492 5102 1528 5165 in
1567 5102 1723 5167 omnibus
