4350 6442
604 1150 852 1203 rnnusrnsrrvn
873 1150 918 1202 or
938 1151 1009 1201 rnu
1030 1150 1136 1201 eursu
1159 1151 1202 1199 or
1226 1149 1346 1200 norun
1371 1148 1421 1198 111.
1469 1134 1533 1198 301

492 1326 616 1401 nostru
636 1325 723 1411 quod
754 1346 867 1390 omnes
900 1322 958 1410 qui
988 1323 1162 1389 servitium
1194 1312 1289 1389 nobis
1322 1320 1445 1388 debent
1466 1342 1538 1408 per·

492 1425 650 1492 sonaliter
670 1427 739 1493 sint
769 1427 813 1493 od
834 1448 893 1492 nos
923 1426 1012 1512 apud
1035 1425 1208 1504 Oxoniam,
1230 1449 1251 1491 a
1272 1425 1325 1490 die
1348 1424 1480 1489 Psschae
1501 1422 1538 1488 in

493 1534 560 1593 tres
580 1529 788 1615 septimanus,
811 1549 886 1595 oum
908 1529 1000 1614 equis
1022 1533 1058 1593 et
1079 1527 1198 1608 annis3
1228 1527 1282 1593 vel
1305 1526 1362 1613 qui
1385 1547 1538 1613 persona·

492 1628 569 1694 liter
601 1630 712 1696 venire
744 1652 811 1697 non
845 1634 1011 1717 poterunt,
1034 1629 1208 1695 servitium
1241 1650 1337 1695 suum
1368 1625 1464 1692 nobis
1495 1625 1538 1690 ud

493 1731 631 1797 eundem
669 1731 756 1798 diem
793 1731 841 1797 ibi
877 1731 932 1796 vel
969 1729 1050 1795 elibi
1087 1753 1153 1816 quo
1187 1730 1235 1796 eis
1267 1730 1348 1796 seire
1381 1727 1539 1794 faciemus

493 1830 638 1909 mittunt,
675 1833 719 1898 ad
762 1833 1032 1919 proficiscendum
1076 1832 1246 1898 nobiscum
1284 1831 1404 1898 exinde
1442 1849 1539 1917 super

492 1932 641 2000 inimicos
662 1940 697 2000 et
718 1934 854 2000 rebelles
876 1939 1006 2000 nostros
1031 1934 1214 2022 praedictos.

536 2035 612 2101 Tibi
644 2036 779 2123 insuper
799 2036 1006 2124 praecipimus
1036 2035 1175 2102 firmiter
1206 2036 1417 2123 injungentes
1451 2032 1539 2120 quod

492 2137 665 2225 proediotos
686 2138 798 2204 fideles
819 2144 958 2216 nostros,
979 2136 1086 2203 modis
1118 2137 1270 2203 omnibus
1292 2137 1412 2224 quibus
1433 2134 1539 2221 magis

492 2240 614 2306 videris
647 2241 808 2328 expedire,
836 2262 877 2305 ex
899 2245 994 2327 perte
1015 2245 1130 2306 nostru
1158 2239 1330 2305 efficaciter
1352 2259 1483 2304 moveas
1505 2242 1540 2300 et

493 2341 635 2422 inducas,
659 2349 698 2408 ut
721 2349 841 2429 praeter
862 2341 1035 2407 servitium
1057 2363 1153 2406 suurn
1176 2341 1270 2406 nobis
1293 2341 1442 2407 debitum
1464 2360 1537 2405 oum

492 2448 564 2509 toto
585 2465 679 2531 posse
701 2446 789 2531 quod
819 2445 1004 2531 perquirere
1034 2449 1201 2531 poterunt,
1223 2444 1266 2508 ed
1287 2443 1443 2528 injuriam
1463 2463 1538 2528 pro—

491 2545 596 2633 prium
634 2552 668 2612 et
704 2567 908 2613 communem
945 2547 981 2610 in
1017 2566 1085 2611 suo·
1123 2544 1269 2632 principe
1312 2545 1377 2610 sibi
1420 2544 1539 2609 iactum

490 2648 639 2714 celeriter
668 2649 909 2725 vindicandam,
947 2648 1029 2713 odeo
1067 2653 1219 2734 potenter
1256 2653 1291 2714 et
1327 2647 1469 2713 viriliter
1505 2667 1539 2710 se

491 2752 674 2838 accingent,
696 2751 784 2838 quod
805 2753 950 2838 ipsorum
972 2750 1097 2816 auxilio
1129 2750 1170 2817 de
1192 2750 1358 2838 praedictis
1391 2749 1540 2816 hostibus

492 2851 651 2918 ultionem
674 2854 780 2919 tentis
801 2852 975 2918 sceleribus
1006 2852 1163 2930 debitum,
1185 2858 1284 2940 prout
1304 2854 1404 2941 regiae
1425 2852 1539 2938 mejes-

492 2955 556 3019 tuti
578 2955 739 3030 convenit,
762 2977 889 3021 sumere
911 2953 1081 3020 veleamus
1093 2978 1102 3035 ;
1132 2960 1167 3020 et
1197 2955 1294 3041 quod,
1318 2954 1433 3022 sedato
1456 2956 1540 3041 ipso·

492 3077 566 3121 rum
588 3056 687 3135 rabie,
709 3079 774 3144 pax
797 3063 831 3123 et
853 3056 1010 3123 securitas
1041 3056 1083 3121 ad
1116 3056 1273 3123 honorem
1296 3057 1360 3123 Dei
1390 3063 1425 3123 et
1447 3058 1540 3143 regni

492 3158 597 3223 nostri
618 3160 823 3224 commodum
846 3158 1024 3224 roboretur.

538 3261 707 3326 Provideri
741 3262 841 3327 etiarn
863 3261 963 3326 socias
990 3260 1078 3347 quod
1101 3260 1248 3326 homines
1270 3261 1311 3326 de
1333 3261 1457 3327 bellive
1478 3267 1539 3327 tuo
1552 3280 1694 3333 Letnteh

491 3364 701 3449 assignentur
722 3363 765 3428 ed
788 3385 888 3440 orma,
906 3366 942 3428 et
962 3363 1051 3449 quod
1073 3362 1198 3449 vigilite
1220 3368 1255 3428 et
1277 3363 1433 3429 custodire
1455 3364 1539 3429 finnt
1552 3350 1683 3473 fflg'z'd

492 3464 528 3529 in
549 3465 687 3551 singulis
708 3463 940 3542 emiseris}
956 3465 1078 3552 snus,
1102 3470 1136 3530 et
1157 3465 1231 3530 nn
1252 3465 1342 3530 vius
1363 3466 1538 3532 emistus
1551 3432 1689 3532 „ambs

492 3566 551 3646 tui,
575 3567 659 3632 sicut
681 3567 752 3632 fieri
774 3566 968 3647 consuevit;
990 3567 1039 3632 itu
1072 3566 1161 3652 quod
1194 3567 1222 3632 si
1251 3566 1356 3653 uliqui
1388 3568 1537 3636 malefac-
1550 3547 1669 3666 m

493 3672 601 3732 torum
632 3669 864 3755 praedictorum
894 3674 954 3733 out
986 3668 1126 3733 eliorum
1157 3669 1335 3736 transitum
1364 3691 1423 3758 per
1451 3671 1539 3758 ipsos

492 3768 614 3835 locunt
645 3791 700 3835 eos
733 3775 907 3849 orrestent‚
939 3775 974 3834 et
1005 3770 1070 3836 tibi
1102 3771 1172 3836 sine
1204 3771 1316 3858 ulique
1346 3772 1540 3840 difficultate

492 3871 633 3937 liberent
655 3871 747 3937 selvo
778 3871 1015 3938 custodiendos
1060 3872 1098 3939 Si
1121 3895 1199 3939 vero
1230 3873 1419 3960 hujusmodi
1440 3876 1540 3941 mule·

492 3973 630 4039 faetores
664 3995 698 4039 se
729 3995 797 4040 non
827 3973 1038 4061 permiserint
1080 3974 1244 4053 arrestrui
1275 3982 1357 4043 tuno
1393 3977 1541 4065 praedicti

493 4076 619 4161 vigiliae
650 4077 799 4142 custodes
837 4081 871 4142 et
902 4076 961 4141 alii
992 4076 1159 4142 hutesium
1191 4077 1305 4144 levent
1338 4099 1436 4165 super
1468 4078 1541 4143 illos

492 4177 650 4265 undique,
680 4183 715 4244 et
747 4179 833 4265 ipsos
855 4180 1073 4265 insequentur
1107 4180 1148 4245 de
1178 4180 1233 4245 die
1265 4186 1300 4246 et
1331 4186 1436 4260 noete,
1467 4201 1539 4247 oum

493 4284 565 4346 tote
586 4280 704 4346 villstu
726 4289 759 4347 et
783 4281 902 4347 vicinis
925 4281 1058 4358 villatis,
1080 4303 1154 4347 oum
1176 4282 1315 4347 clamore
1348 4287 1382 4347 et
1403 4282 1542 4361 hutesio

495 4381 535 4447 de
569 4382 650 4447 villu
681 4383 717 4447 in
738 4383 861 4461 villum,
886 4383 988 4449 donee
1019 4383 1201 4470 cupiuntur,
1224 4387 1259 4449 et
1280 4383 1343 4449 tibi
1362 4382 1541 4450 deliberen-

494 4491 557 4565 tur,
581 4485 667 4550 siout
698 4486 893 4572 praedictum
927 4490 985 4550 est,
1031 4485 1077 4550 Et
1111 4485 1161 4550 ite
1191 4490 1224 4550 te
1258 4484 1379 4551 habeus
1412 4487 1447 4551 in
1481 4487 1542 4553 hoo

493 4593 586 4673 porte
609 4588 696 4672 quod
731 4587 937 4674 diligentiam
960 4592 1052 4653 tuem
1085 4586 1203 4652 exinde
1226 4585 1403 4654 debeamus
1425 4588 1542 4654 merito

493 4690 725 4755 commendare.

738 5028 743 5055 ·
761 5023 928 5090 mertanne]
943 5012 1008 5082 005.
1019 5023 1116 5091 us..s.
1128 5023 1144 5074 1.
1156 5025 1306 5078 civissem.
