4350 6442
615 1134 868 1187 ratusraarrvs
890 1137 935 1186 or
956 1137 1027 1186 rna
1049 1136 1158 1187 naras
1181 1136 1226 1186 or
1249 1139 1370 1189 nasas
1393 1140 1443 1189 ru.
1511 1123 1555 1194 77

490 1320 595 1387 adire
638 1327 750 1410 partes
782 1323 974 1402 wasconia,
1012 1325 1054 1390 ad
1096 1346 1207 1411 preces
1240 1325 1364 1391 domini
1400 1325 1556 1391 Willelmi

493 1424 654 1511 Pigorell,
677 1427 821 1492 tenentis
852 1428 960 1493 locum
984 1426 1111 1493 domini
1141 1428 1271 1493 comitis
1294 1428 1489 1512 leycestriae
1520 1429 1557 1493 in

496 1525 685 1607 Wasoonia,
716 1528 774 1616 qui
813 1529 920 1616 ipsum
954 1535 1129 1616 rogaverat
1163 1529 1357 1609 literatorie,
1396 1530 1483 1614 quod
1521 1530 1555 1594 in

495 1648 689 1695 succursum
712 1631 811 1695 castri
826 1630 929 1696 vestri
945 1631 986 1696 de
1010 1631 1146 1717 Regula,
1171 1632 1259 1717 quod
1273 1631 1452 1718 burgenses
1467 1631 1557 1697 villae

494 1729 707 1809 obsederant
729 1732 913 1813 accederet3
935 1739 971 1798 et
993 1733 1171 1798 cumidem
1188 1733 1340 1799 dominus
1357 1733 1555 1819 G[alfridus]

495 1836 539 1895 et
560 1853 622 1897 nos
643 1832 680 1897 in
701 1833 772 1918 ejus
794 1835 958 1900 conductu
981 1835 1185 1900 venissemus
1214 1835 1258 1899 ad
1281 1835 1440 1921 Burgum,
1465 1835 1557 1899 inve-

496 1934 616 2001 nimus
661 1940 785 2001 terram
820 1936 1004 2003 Wasconiae
1042 1937 1077 2002 in
1117 1937 1263 2001 maxima
1307 1937 1556 2022 perturbatione

498 2041 710 2116 commotam,
732 2038 782 2103 ita
805 2039 893 2123 quod
917 2039 1069 2103 dominus
1094 2038 1279 2103 Willelmus
1309 2037 1449 2124 Pigorell
1473 2059 1557 2123 prro-

500 2138 613 2204 dictus
629 2140 700 2225 jam
723 2140 930 2205 adunaverat
952 2140 1018 2207 fere
1041 2145 1152 2205 toturn
1183 2141 1367 2205 exercitum
1400 2160 1497 2203 suum
1522 2144 1557 2204 et

500 2242 760 2309 communitates
775 2242 932 2308 villarum
949 2242 1037 2330 apud
1048 2242 1255 2328 Gyrundiam
1267 2241 1369 2325 juxta
1384 2240 1556 2327 Regulam.

549 2342 679 2423 Quibus
693 2345 826 2425 auditis,
842 2345 950 2410 dietus
966 2345 1120 2410 dominus
1136 2344 1312 2422 Galfridus,
1324 2343 1425 2409 frater
1439 2350 1557 2421 vester,
1571 2340 1655 2421 >thile
1667 2341 1700 2391 ¹¹⁰

498 2443 545 2511 de
561 2445 674 2533 Burgo
695 2446 857 2525 recedens,
874 2447 982 2512 adivit
1004 2445 1219 2511 senescallum
1243 2445 1279 2509 in
1301 2446 1454 2533 partibus
1476 2408 1709 2534 prro-l‘e'ffiflfi

499 2546 611 2625 dictis,
634 2554 669 2613 et
691 2570 751 2613 nos
774 2549 815 2613 ‹le
838 2548 974 2613 consilio
998 2570 1057 2613 suo
1076 2547 1489 2645 adivimusOBurdegaliam
1514 2549 1556 2612 ad
1569 2548 1686 2654 pervent

498 2648 673 2714 dominum
695 2650 973 2739 archiepiscopum
995 2671 1068 2715 cum
1101 2650 1204 2714 literis
1227 2649 1354 2725 vestris,
1378 2670 1460 2734 quas
1482 2672 1556 2714 cum
1569 2622 1697 2722 agios.

500 2772 624 2837 magna
646 2752 858 2817 veneratione
881 2753 1031 2838 suscepit,
1055 2752 1253 2838 promittens
1285 2773 1319 2816 se
1342 2751 1377 2815 in
1393 2752 1554 2833 omnibus,
1567 2739 1717 2856 ffl‘essfx

501 2874 563 2938 pro
596 2854 723 2918 viribus
753 2853 832 2934 suis,
866 2854 1032 2918 mandatis
1064 2855 1184 2918 vestris
1217 2854 1357 2919 obedire.
1417 2854 1556 2920 Dicebat
1721 2842 1727 2855 '

500 2960 615 3019 autem
637 2976 672 3020 se
694 2956 821 3020 iturum
842 2956 1013 3021 nobiscum
1036 2956 1079 3021 ad
1095 2956 1286 3031 exercitum,
1302 2956 1343 3019 ad
1367 2956 1555 3021 habendum

501 3056 676 3122 consilium
700 3079 776 3123 cum
799 3058 916 3123 ceteris
937 3058 1151 3145 magnatibus
1173 3064 1280 3134 terrae,
1305 3058 1362 3143 qui
1378 3057 1425 3122 ibi
1449 3066 1555 3138 erant,

502 3158 624 3243 quibus
646 3158 814 3225 direxistis
843 3161 957 3226 literas
973 3166 1121 3241 vestras3
1152 3160 1210 3225 sed
1232 3160 1346 3225 statim
1379 3160 1474 3225 nobis
1508 3162 1558 3224 in-

504 3261 640 3326 timavit
654 3267 779 3327 statum
794 3268 892 3327 terrae
907 3269 1087 3329 etecusam
1103 3283 1230 3348 guerrae
1245 3262 1394 3347 incepta,
1411 3284 1557 3327 asserens

502 3384 538 3429 se
567 3363 697 3429 stetisse
719 3365 808 3451 apud
831 3365 999 3452 Regulam,
1023 3369 1057 3430 et
1078 3386 1137 3450 per
1159 3385 1263 3427 unum
1287 3370 1322 3428 ot
1344 3364 1465 3451 viginti
1489 3366 1558 3430 (lies

503 3464 666 3531 laborasse
696 3467 739 3531 ad
761 3489 874 3553 pacem
897 3466 1079 3532 faciendam
1104 3466 1158 3532 vel
1181 3472 1332 3552 treugam
1359 3467 1557 3552 capiendam.

505 3566 671 3634 Formatae
702 3574 814 3634 autem
844 3567 976 3634 fuerant
1007 3569 1082 3634 duee
1104 3574 1239 3656 treugae,
1255 3573 1290 3633 et
1312 3568 1426 3633 statim
1449 3576 1556 3657 ruptae

503 3690 547 3734 ex
562 3675 702 3756 utraque
716 3675 818 3756 parte,
843 3671 929 3736 sicut
951 3671 1123 3736 asserebat.

550 3771 592 3836 In
629 3773 777 3838 exercitu
813 3794 890 3838 vero
929 3773 1116 3838 invenimus
1148 3771 1214 3838 fere
1244 3794 1357 3839 omnes
1388 3779 1559 3860 magnates
1572 3780 1713 3832 Thenceto

505 3880 540 3939 et
562 3874 701 3959 majores
723 3875 921 3952 villatarum,
953 3874 1073 3960 quibus
1096 3874 1264 3939 direxistis
1287 3875 1400 3940 literas
1423 3880 1555 3951 vestras,
1570 3847 1703 3964 ΐζρᾚὶ

504 3981 540 4040 et
562 3998 617 4041 eas
648 3977 695 4040 eis
728 3977 926 4042 tradidimus
960 3978 996 4040 in
1030 3976 1206 4063 praesentia
1233 3976 1357 4041 domini
1381 3975 1703 4061 spiramineque

505 4078 617 4143 fratris
646 4080 761 4155 vestri,
783 4084 818 4144 et
850 4080 896 4144 eis
927 4089 1078 4145 oretenus
1113 4078 1324 4166 exposuimus
1351 4078 1461 4142 omnia
1484 4098 1558 4161 quac
1571 4047 1720 4175 ζῗοὲξᾞῇζ,

504 4180 600 4245 nobis
631 4180 832 4265 injunxistis.
879 4180 1007 4261 Quibus
1030 4181 1154 4245 auditis
1177 4186 1212 4245 et
1233 4179 1418 4255 intellectis,
1443 4178 1558 4242 habito
1571 4180 1695 4292 ῐοῃξῑῐῑᾶ·

505 4283 641 4348 consilio
663 4305 721 4348 suo
744 4282 788 4347 ad
810 4283 961 4358 invicem,
975 4281 1041 4348 tale
1056 4282 1152 4347 nobis
1175 4282 1336 4347 dederunt
1358 4300 1557 4366 responsum,
1570 4245 1708 4375 Quae,

506 4392 667 4471 praesente
708 4385 843 4450 domino
885 4383 988 4450 fratre
1032 4389 1152 4458 vestro,
1198 4383 1286 4467 quod
1330 4381 1420 4447 nullo
1461 4381 1558 4447 modo

505 4493 661 4574 poterant
693 4510 755 4552 nec
785 4487 942 4553 volebant
980 4508 1000 4550 a
1031 4484 1182 4571 partibus
1211 4484 1280 4549 suis
1309 4484 1408 4559 exire,
1431 4506 1489 4549 nec
1515 4484 1558 4548 ad

505 4612 565 4655 vos
595 4590 629 4654 in
661 4589 817 4676 Angliam
848 4588 970 4665 venire,
996 4587 1076 4652 dum
1104 4590 1193 4651 terra
1216 4584 1386 4652 Vaseoniae
1408 4592 1493 4651 esset
1521 4587 1558 4651 in

505 4694 564 4756 tali
579 4714 698 4779 guerra
713 4699 747 4757 et
770 4691 1028 4778 perturbatione,
1043 4687 1108 4753 nisi
1123 4709 1182 4774 per
1203 4709 1316 4775 paoem
1339 4688 1391 4754 vel
1407 4694 1557 4775 treugam

505 4795 566 4857 hoc
592 4794 695 4859 facere
718 4799 874 4880 possent3
899 4793 1062 4857 timebant
1084 4790 1173 4856 enim
1195 4789 1412 4876 perditionem
1436 4797 1557 4856 castro·

505 4918 587 4973 rum,
611 4918 791 4983 corporum,
814 4901 976 4960 terrarum
999 4900 1033 4961 et
1048 4893 1286 4980 possessionum
1310 4914 1451 4969 suarum,
1474 4893 1501 4957 si
1524 4913 1558 4954 sc

505 5004 633 5062 eterra
657 5022 717 5062 sua
740 4999 938 5083 clangerent.
