4350 6442
607 1178 672 1248 274
762 1193 877 1243 norm
899 1194 973 1242 ann
995 1195 1111 1243 ornan
1135 1188 1340 1243 mammem
1364 1194 1513 1245 amnena

442 1366 515 1445 venen
528 1373 595 1444 “31¹-
607 1369 731 1434 habent
752 1369 789 1433 in
811 1368 934 1457 Anglia
955 1391 1023 1434 non
1046 1370 1173 1456 possint
1204 1369 1366 1435 adducere
1397 1371 1434 1434 in
1469 1368 1665 1435 Flandn'am

441 1433 576 1550 iiiiii&
609 1471 774 1537 commode
812 1478 847 1537 et
884 1493 1002 1551 secure,
1041 1471 1302 1538 dominationem
1340 1478 1486 1538 vestram
1524 1472 1668 1537 attentis

609 1573 759 1660 precibus
780 1574 935 1661 deprecor
956 1579 991 1639 et
1012 1574 1152 1661 requiro,
1176 1580 1339 1660 quatenus
1368 1574 1497 1642 intuitu
1521 1573 1667 1660 justitiae

610 1682 645 1742 et
667 1678 805 1742 obtentu
837 1698 970 1763 precum
1003 1698 1151 1742 mearum
1180 1675 1298 1761 jubere
1331 1677 1414 1742 velit
1444 1682 1558 1742 vestra
1592 1675 1671 1741 sub-

610 1779 734 1845 limitas
771 1785 806 1846 et
839 1779 944 1845 facere
978 1781 1068 1865 quod
1102 1780 1183 1846 dicti
1217 1785 1421 1856 mercatores,
1454 1800 1530 1846 cum
1563 1799 1668 1865 regno

610 1881 768 1969 praedicto
822 1904 976 1968 prospera
1027 1884 1179 1949 succedat
1227 1883 1462 1970 tranquillitas,
1508 1887 1669 1969 operante

611 1984 764 2064 Domino,
787 1989 826 2049 ut
851 1984 995 2052 affecto¹
1018 2007 1092 2051 cum
1114 1987 1211 2052 bonis
1233 1988 1300 2052 suis
1329 1986 1500 2051 indemnes
1530 1984 1670 2050 valeant

610 2086 653 2150 ad
675 2087 810 2174 propria
831 2110 983 2165 remeare,
1008 2089 1124 2153 scituri
1147 2089 1236 2175 quod
1258 2094 1374 2176 gentes
1395 2087 1490 2175 regni
1513 2086 1670 2174 praedicti

610 2188 646 2253 in
668 2195 756 2255 terra
779 2190 945 2257 Flandriae
969 2212 1042 2256 cum
1066 2191 1162 2257 bonis
1176 2192 1244 2256 suia
1266 2192 1367 2257 salvae
1390 2195 1468 2256 sunt
1483 2189 1612 2277 pariter
1635 2196 1672 2254 et

609 2313 740 2358 securae.
787 2291 944 2358 Ceterum
965 2292 1093 2359 Jacobo
1115 2294 1231 2360 clerico
1245 2316 1318 2361 meo
1335 2294 1435 2360 latori
1450 2294 1670 2381 praesentium

610 2394 740 2460 credere
761 2394 846 2460 velit
867 2401 979 2461 vestra
1001 2396 1159 2463 celsitudo
1182 2398 1274 2486 regia
1295 2418 1392 2484 super
1405 2396 1458 2461 his
1480 2418 1554 2483 qua>
1570 2395 1673 2462 vobis

610 2496 735 2562 dixerit
757 2497 798 2563 de
820 2498 1001 2584 praemissis

655 2599 782 2665 Datum
805 2622 893 2666 anno
915 2601 1052 2667 Domini
1075 2601 1250 2668 millesimo
1284 2602 1506 2668 ducentesimo
1530 2621 1673 2689 sexage-

611 2702 694 2766 simo
716 2707 843 2788 quarto,
866 2702 1041 2770 Dominica
1062 2711 1139 2792 poet
1161 2704 1419 2771 Decollationem
1444 2705 1480 2771 Β.
1501 2703 1674 2770 Johannis

612 2803 782 2891 Baptietae.

1040 3122 1248 3188 nexxvn.
1321 3103 1330 3123 '

611 3255 769 3323 vineas
790 3255 929 3322 Dama
951 3272 1019 3322 roa
1041 3256 1197 3323 errraas
1221 3257 1360 3323 Parnm
1382 3273 1426 3321 or
1449 3254 1585 3322 Harrei
1601 3252 1671 3321 III.

967 3376 1042 3425 ann
1063 3378 1134 3425 rna
1156 3361 1309 3427 Blaene

927 3482 1051 3548 (chapter
1062 3484 1149 3535 House
1161 3483 1348 3548 Miscellanea.)

1105 3589 1163 3673 (1.)

444 3734 533 3784 About
657 3710 730 3776 Rex
752 3716 786 3777 et
808 3712 946 3778 barones
969 3714 1130 3792 omnibus,
1155 3718 1213 3777 etc.
1262 3712 1347 3778 Cum
1370 3713 1540 3778 internos
1563 3734 1668 3799 super

444 3802 548 3918 {5332}
611 3814 788 3899 preteritis
822 3837 1014 3902 guerrarum
1046 3816 1290 3881 discriminibus
1313 3815 1463 3902 quadam
1497 3815 1668 3881 ordinatio

443 3958 598 4025 Wehereby
611 3938 668 3981 seu
700 3916 805 3981 fenne
837 3918 926 4003 pacis
958 3918 999 3983 de
1030 3924 1145 3983 nostro
1179 3940 1217 3983 ac
1249 3917 1460 4005 prolatorum
1495 3939 1532 3982 ac
1560 3918 1668 3982 taius

443 4040 517 4089 agree
528 4036 555 4077 to
611 4025 857 4090 communitatis
872 4025 966 4112 regni
982 4026 1114 4113 Angliae
1130 4024 1279 4090 unanimi
1295 4025 1468 4091 voluntate
1483 4029 1518 4089 et
1532 4045 1668 4090 assensu

442 4096 590 4213 {iffi
611 4126 662 4191 aa
699 4128 814 4193 nebus
847 4128 986 4214 provida
1023 4128 1260 4194 dannatione
1298 4130 1383 4193 inita
1416 4128 1526 4207 fuerit,
1565 4149 1666 4212 quam

441 4226 524 4343 {2¹2⁸ss
610 4231 727 4316 utique
750 4232 822 4297 Deo
845 4238 1011 4319 acceptam
1034 4237 1068 4297 et
1091 4233 1186 4297 nobie
1208 4255 1247 4298 ac
1268 4254 1370 4319 regno
1393 4229 1479 4317 ipsi³
1502 4230 1667 4296 credimus

442 4296 589 4412 cefflif.
610 4338 829 4421 opportunam
841 4358 850 4413 ;
872 4335 951 4420 quia
972 4340 1085 4400 tamen
1118 4335 1223 4420 aliqui
1246 4334 1324 4400 facti
1347 4335 1523 4399 veritatem
1556 4333 1668 4400 minus

442 4426 568 4479 bimae.
610 4436 704 4523 plene
741 4436 975 4523 intelligentes,
1025 4436 1269 4503 ordinationem
1325 4437 1430 4523 ipsam
1475 4458 1534 4502 eeu
1576 4438 1669 4523 pacis

609 4538 747 4605 formam
769 4541 879 4605 minus
901 4540 1116 4606 sufficientem
1146 4543 1335 4617 asserentes,
1357 4538 1557 4626 quibusdam
1586 4540 1669 4604 arti—

609 4642 691 4707 culis
722 4643 757 4706 in
791 4642 905 4709 eadem
939 4643 1083 4725 msertis,
1116 4648 1215 4730 prout
1249 4643 1380 4722 (licitur,
1413 4641 1560 4708 contenti
1598 4663 1668 4708 non

624 4791 629 4795 -
638 4790 997 4803 --n———-—-.-..--·--
1009 4794 1088 4801 ----
1095 4794 1241 4803 --—.-.-—-
1252 4792 1406 4801 -.-.---—

643 4865 650 4893 ¹
668 4862 770 4929 afferas]
790 4864 825 4915 so
837 4864 892 4917 Μὸ.
1162 4871 1233 4918 1264.
1251 4866 1299 4919 See
1308 4865 1434 4931 Bymer,'a
1444 4882 1469 4930 p.
1478 4864 1664 4924 assamur.

642 4942 750 4993 ²These
772 4958 864 5008 appear
886 4953 913 4995 to
936 4945 1038 4996 contain
1067 4946 1109 4995 the
1158 4962 1183 5010 p.
1196 4952 1253 4998 210.

607 5020 661 5069 tirel
680 5022 857 5086 propoealesor
875 5024 919 5073 the
936 5023 1105 5091 negotiatione
1192 5026 1279 5092 ἰ’ρει]
1299 5026 1375 5075 nster
1385 5024 1436 5075 thie
1448 5022 1505 5075 MS.
1520 5024 1566 5075 lus
1586 5023 1665 5075 seila·

607 5099 692 5151 which
713 5114 779 5153 were
801 5102 898 5152 carried
921 5112 964 5155 out
993 5104 1020 5155 in
1040 5104 1109 5168 Sept.
1157 5108 1250 5157 erucd.
