4350 6442
899 1232 1078 1282 urrunnu
1103 1234 1140 1281 ll.

962 1403 1021 1462 No.
1036 1405 1084 1461 24.

713 1518 784 1578 (not
797 1517 852 1568 Pst.
865 1522 897 1568 36
910 1516 1152 1580 Hen.111.,me1nb.
1166 1523 1180 1568 6
1193 1517 1221 1568 ln
1233 1517 1330 1582 dorso.)

531 1606 593 1660 Rex
611 1606 756 1672 omnibus,
777 1615 845 1672 etc,
867 1607 1002 1663 sulutem.
1561 1644 1624 1689 June
1633 1650 1666 1698 ιε,

531 1689 680 1745 Noveritis
707 1691 784 1761 quod
809 1710 861 1747 nos
887 1698 1022 1747 tenemur
1049 1691 1208 1746 Guillelmo
1238 1691 1330 1763 priori
1354 1692 1448 1756 Mnus,
1476 1691 1548 1747 dioe·
1561 1699 1618 1739 ms

496 1775 571 1828 cesis
599 1775 773 1845 Agenensis,
803 1775 881 1845 quod
907 1775 1106 1829 Ruimundum
1132 1782 1162 1829 et
1185 1775 1331 1830 Donatum
1358 1775 1395 1830 de
1424 1776 1546 1830 Pinibus
1559 1758 1717 1854 2}wa

495 1858 601 1913 iratres
639 1877 716 1922 suos,
752 1858 914 1914 Arnuldnm
950 1867 981 1914 et
1010 1859 1174 1914 Pictavium
1204 1858 1240 1913 de
1274 1859 1397 1914 Pinibus
1427 1866 1546 1931 patruos
1559 1861 1681 1912 erbonem

495 1942 598 2013 ipsius,
626 1944 676 2013 qui
708 1943 785 2014 apud
815 1943 1024 2014 Burdeguliem
1054 1943 1132 2014 capti
1164 1944 1282 1998 suerunt
1311 1961 1364 2015 per
1398 1944 1546 1999 Simonem

494 2026 530 2080 de
549 2027 648 2082 Monte
668 2027 749 2082 Forti
777 2028 914 2082 comitem
933 2027 1112 2091 Leicestrioe,
1133 2033 1201 2099 post
1219 2028 1387 2082 conflictum
1412 2028 1545 2083 habitum

495 2111 604 2165 ibidem
633 2112 710 2166 inter
743 2112 840 2182 ipsum
872 2119 902 2167 et
928 2110 1117 2166 columbinos
1152 2129 1187 2165 ex
1216 2128 1274 2166 uns
1300 2119 1383 2183 purte
1413 2118 1444 2166 et
1474 2112 1546 2167 Ros·

494 2201 593 2249 tenum
613 2194 648 2248 de
669 2194 748 2249 Solio
772 2201 802 2249 et
826 2196 935 2250 amicos
959 2213 1082 2250 sussex
1106 2195 1207 2259 altere,
1227 2195 1369 2250 suciamus
1386 2196 1547 2268 replegisri

496 2280 559 2334 sine
577 2296 668 2344 more,
688 2297 742 2349 pro
761 2277 864 2334 stende
878 2279 940 2349 juri
958 2295 1012 2349 per
1030 2278 1115 2333 illum
1141 2279 1189 2334 rel
1208 2278 1274 2334 illos
1294 2297 1381 2351 quern
1403 2287 1456 2335 sut
1474 2298 1547 2350 quos

496 2365 646 2417 mittemus
675 2363 704 2415 iu
728 2368 837 2417 terrem
871 2369 1002 2417 nostram
1036 2361 1209 2425 Wssconiae,
1236 2362 1273 2417 sd
1299 2365 1549 2419 conservationem

494 2450 606 2515 treugas
625 2451 654 2499 et
673 2446 873 2499 executionem
900 2443 1095 2498 articulorum
1114 2450 1318 2499 contentorum
1337 2445 1367 2499 in
1386 2463 1430 2510 ee,
1459 2463 1547 2515 quam

495 2529 656 2583 deliberato
675 2529 797 2582 consilio
815 2534 914 2582 nostro
933 2527 1117 2598 imprisimns
1137 2527 1215 2598 apud
1233 2527 1447 2592 Windesorum,
1468 2530 1546 2584 inter

495 2619 686 2666 memoratum
706 2613 843 2668 comitem
862 2619 892 2667 et
910 2611 1069 2682 complices
1089 2611 1154 2682 ejus
1174 2629 1209 2665 ex
1227 2628 1286 2665 une
1303 2619 1396 2684 purte,
1414 2622 1444 2667 et
1463 2630 1549 2685 quos·

496 2696 562 2750 dem
581 2705 734 2767 magnetes
753 2715 785 2751 sc
805 2696 919 2766 aliquos
939 2695 1011 2750 elios
1030 2693 1132 2750 fideles
1151 2701 1267 2749 nostros
1287 2695 1324 2749 de
1341 2696 1498 2751 Weseouiu
1515 2715 1550 2751 ex

494 2780 596 2844 ultore,
624 2799 717 2851 usquc
748 2780 786 2834 sd
816 2781 913 2851 primo
943 2786 1102 2833 venturum
1130 2779 1238 2833 festum
1269 2778 1487 2835 Purificetionis
1512 2781 1547 2835 B.

494 2863 629 2934 Virginis
655 2864 834 2918 duraturum.
873 2863 913 2918 Et
930 2863 975 2917 illi
995 2863 1043 2917 vel
1061 2863 1132 2925 illis,
1154 2880 1242 2932 quem
1260 2863 1308 2917 vel
1328 2881 1401 2933 qnos
1421 2863 1458 2919 ud
1476 2883 1549 2936 prae-

494 2947 573 3002 dictu
597 2948 757 3011 mittemus,
783 2947 920 3002 distincte
939 2946 1136 3018 proeeipiendo
1160 2946 1342 3011 mandamus,
1369 2948 1449 3018 quod
1474 2966 1549 3020 pree·

496 3033 588 3087 dictos
608 3033 713 3087 iratres
733 3039 762 3086 et
780 3039 899 3103 patruos
912 3032 1020 3102 prioris
1039 3037 1100 3085 tum
1118 3029 1190 3085 dicti
1208 3031 1356 3101 replegiat
1373 3032 1436 3086 sine
1455 3050 1546 3097 mors,

495 3135 548 3188 pro
576 3116 679 3170 stando
702 3117 774 3187 juri,
801 3114 921 3170 idoneo¹
947 3132 1036 3185 super
1059 3114 1114 3168 hoc
1139 3114 1274 3168 cautione
1292 3121 1421 3186 recepto.
1460 3116 1547 3171 Teste

496 3217 567 3270 rege
586 3198 663 3270 apud
682 3197 896 3262 Windesorsm,
917 3198 966 3252 xii.
988 3197 1035 3251 die
1055 3196 1149 3252 Junii.
1189 3197 1246 3250 Per
1265 3196 1295 3251 J.
1316 3197 1471 3253 Meunsell.

962 3363 1020 3422 No.
1035 3365 1084 3421 25.

710 3470 781 3531 (not
795 3469 851 3519 Pet
864 3473 896 3520 36
909 3468 974 3518 Heu.
988 3468 1046 3530 111,
1058 3470 1147 3519 memb.
1161 3474 1176 3518 6
1188 3468 1213 3518 in
1226 3469 1322 3532 dorso.)

530 3560 592 3614 Rex
611 3560 754 3623 omnibus,
776 3567 843 3624 etc,
864 3557 999 3614 sulutem.
1557 3574 1661 3625 Junsls.

530 3644 676 3698 Mittimus
697 3644 725 3697 in
739 3643 923 3697 Wesconinm
943 3642 1117 3697 Rocelinum
1136 3643 1172 3697 de
1191 3642 1258 3708 Pes,
1273 3643 1449 3716 megistrum
1467 3646 1544 3701 mili·
1556 3629 1677 3735 &malm

493 3728 542 3781 tiae
561 3728 675 3798 Templi
702 3727 731 3780 in
757 3726 876 3796 Anglis,
898 3732 927 3780 et
951 3725 1129 3780 Nicholnum
1154 3725 1189 3781 de
1208 3726 1307 3792 Molis,
1333 3730 1543 3785 constituentes
1557 3744 1712 3804 tonottmee

494 3811 611 3866 eosdem
624 3811 678 3864 sub
692 3810 885 3864 alternatione
898 3816 1118 3864 conservatores
1132 3815 1305 3880 treugarum
1324 3830 1396 3881 quas
1408 3813 1544 3869 volumus
1556 3794 1687 3845 ‘mm

494 3914 558 3950 esse
578 3897 654 3949 inter
674 3892 823 3949 Simonem
841 3893 877 3948 de
896 3892 996 3947 Monte
1009 3893 1092 3948 Forti
1105 3894 1241 3949 comitem
1255 3893 1433 3960 Leicestriae,
1447 3896 1544 3953 locum

493 3988 626 4034 nostrum
647 3979 676 4031 in
696 3978 851 4031 Wnsconiu
869 3983 1028 4040 tenentem,
1049 3981 1078 4030 et
1096 3976 1162 4031 illos
1181 3977 1217 4031 de
1236 3985 1318 4048 perte
1338 3998 1400 4043 sun,
1420 3988 1450 4035 et
1467 3981 1545 4036 inter

494 4064 652 4118 Gestonem
672 4061 875 4115 vicecomitem
894 4060 1101 4125 Beerneusem,
1115 4061 1299 4115 Amsnevum
1318 4061 1354 4116 de
1367 4062 1502 4129 Lebreto,
1516 4069 1546 4119 et

492 4148 579 4201 villas
607 4146 642 4199 de
671 4145 788 4216 Ileguln
813 4151 843 4198 et
861 4143 981 4209 Vussto,
1002 4150 1031 4198 et
1055 4161 1155 4198 omnes
1183 4145 1257 4199 elios
1282 4145 1318 4200 de
1342 4152 1421 4202 terre
1445 4156 1545 4203 nostru

496 4231 659 4285 Wnsconiae
686 4230 736 4299 qui
756 4228 792 4282 de
816 4228 880 4298 ipso
906 4229 1011 4281 comite
1036 4227 1083 4281 vel
1109 4226 1171 4281 suis
1196 4228 1408 4299 querimoniam
1426 4230 1542 4297 habeut,

493 4321 523 4368 et
555 4313 659 4367 volunt
683 4330 748 4365 esse
779 4311 857 4364 inire
888 4317 1024 4380 treugam
1055 4328 1149 4381 usque
1180 4308 1217 4364 ud
1243 4311 1478 4367 Purificstionem
1506 4314 1542 4368 B.

492 4398 595 4452 Merite
616 4396 748 4467 proximo
767 4402 930 4457 venturum,
950 4392 1112 4447 secundum
1131 4393 1256 4448 sormam
1274 4393 1427 4450 literarum
1445 4403 1544 4467 puten-

492 4483 566 4535 tium
586 4498 658 4550 quss
678 4478 745 4532 inde
764 4477 872 4532 hebent
892 4476 946 4531 sub
964 4477 1064 4547 sigillo
1081 4484 1198 4532 nostro:
1220 4479 1261 4532 itu
1279 4479 1356 4549 quod
1373 4481 1430 4550 ipsi
1448 4481 1542 4547 umbo,

492 4566 539 4620 vel
558 4582 659 4618 eorum
679 4563 753 4616 alter
772 4579 859 4632 super
879 4560 1012 4614 omnibus
1032 4561 1253 4631 questionibus,
1273 4562 1542 4635 interceptionibus,

492 4649 599 4710 causis,
626 4655 655 4700 et
679 4645 890 4708 occasionibus,
917 4649 1017 4698 contre
1051 4643 1175 4698 formum
1201 4643 1346 4700 dicturum
1371 4654 1543 4719 treugarum

491 4734 563 4787 ortis
584 4740 613 4785 et
632 4729 772 4790 oriundis,
794 4736 824 4782 et
842 4729 930 4782 etiem
950 4745 1039 4797 super
1058 4727 1292 4799 quibuscumque
1317 4729 1383 4785 eliis
1408 4732 1541 4788 articulis

491 4824 611 4885 treugas
631 4814 697 4868 illas
720 4811 968 4882 contingentibus,
990 4811 1066 4866 inter
1088 4811 1243 4881 praedictos
1263 4814 1400 4868 comitem
1426 4821 1455 4869 et
1473 4834 1542 4873 suos

491 4921 526 4956 ex
545 4920 602 4954 unu
627 4910 719 4970 parte,
745 4907 775 4952 et
799 4915 898 4952 omnes
926 4897 1000 4951 elios
1022 4895 1059 4950 de
1083 4902 1166 4951 terre
1189 4903 1289 4952 nostra
1309 4896 1470 4955 Wssconioe
1489 4903 1542 4973 qui

869 5133 875 5162 ¹
895 5131 990 5195 ilonea]
1011 5131 1094 5190 idone,
1107 5132 1165 5182 MS.
