4350 6442
610 1145 861 1198 renusrrurrvr
883 1149 927 1197 or
948 1147 1020 1197 rur
1041 1148 1149 1198 amun
1172 1149 1216 1198 or
1239 1147 1359 1198 nevar
1382 1148 1432 1198 111.
1478 1134 1542 1199 325

924 1472 1123 1540 DOLXVII.

519 1618 557 1684 R
579 1636 626 1683 un
649 1617 820 1698 Gonsnnu,
843 1620 997 1686 Snumrr
1018 1637 1063 1686 or
1084 1620 1201 1702 Yonn,
1223 1639 1267 1689 ro
1289 1623 1389 1689 Jonu
1410 1638 1458 1687 nn
1480 1638 1524 1688 nn

850 1722 973 1801 Lrnuu,
995 1721 1201 1791 Jusmcme¹

846 1868 941 1933 (noyn
952 1868 1059 1930 raam
1070 1868 1120 1920 uo.
1134 1872 1204 1934 reo.)

541 1990 731 2057 Reverendo
768 1989 902 2056 domino
938 2012 1007 2071 suo,
1038 1991 1171 2056 domino
1209 1991 1233 2056 J
1236 1990 1388 2080 [ohanni]
1427 1993 1469 2059 dc
1513 1994 1546 2061 la
1559 2002 1631 2051 12⁶8·

496 2091 590 2170 Lind,
626 2091 812 2178 justiciario
850 2091 975 2160 domini
1012 2094 1100 2182 regis
1136 2094 1276 2181 Augure,
1313 2115 1391 2160 suus
1429 2095 1466 2162 E.
1504 2097 1545 2162 dc

497 2194 641 2274 Gonsell,
664 2196 843 2263 vicecomes
881 2195 1106 2278 Eboracensis,
1137 2196 1286 2275 salutem,
1320 2202 1355 2263 et
1388 2197 1545 2286 quicquid

495 2297 627 2363 honoris
649 2304 684 2364 et
705 2299 907 2365 reverentiae.

540 2399 710 2467 Novar-Itis
731 2423 784 2468 me
813 2401 1007 2467 mandatum
1039 2401 1165 2467 domini
1188 2401 1273 2490 regis
1294 2402 1331 2467 in
1353 2402 1424 2470 hvec
1445 2404 1546 2470 verba
1558 2413 1668 2482 'sheep

495 2504 661 2590 recepisse·
1557 2481 1698 2601 llll?

540 2606 734 2693 H[enricus]
768 2605 831 2672 Dei
866 2606 984 2694 gratia,
1020 2609 1079 2672 etc.
1117 2605 1303 2674 vicecomiti
1340 2607 1545 2690 Eboracensi,
1558 2614 1698 2667 memte

495 2708 643 2775 salutem
689 2709 776 2789 Quia
812 2731 854 2775 ex
891 2708 1081 2775 testimonio
1103 2707 1249 2775 virorum
1278 2710 1343 2776 fide
1373 2711 1545 2798 dignorum
1557 2681 1713 2801 {Jffiylzt

495 2813 677 2898 accepimus
699 2811 787 2897 quod
819 2810 984 2877 Robertus
1006 2810 1047 2877 de
1069 2810 1103 2875 la
1125 2811 1221 2877 Estre
1243 2811 1326 2878 bene
1348 2819 1382 2879 et
1404 2813 1547 2880 fideliter
1558 2814 1655 2881 Riuing
1664 2815 1687 2867 is

495 2936 529 2979 se
559 2913 680 2979 habuit
711 2935 789 3001 erga
818 2935 878 2978 nos
908 2919 943 2979 et
972 2913 1085 2979 fideles
1114 2919 1252 2994 nostros,
1274 2922 1309 2982 et
1337 2916 1481 2982 maxima
1510 2880 1712 3008 inffiufdho

496 3016 631 3083 servitio
668 3020 781 3083 nostro
822 3015 1036 3082 custodiendo
1072 3014 1340 3105 Westredingum
1375 3025 1524 3084 nostrum
1536 3013 1675 3101 ;f²¹'¹¹¹lh⁰

495 3142 555 3185 nos
587 3118 714 3185 intuitu
750 3119 878 3185 servitii
914 3118 966 3182 sui
1002 3117 1152 3205 praedicti
1183 3118 1330 3185 volentes
1363 3120 1470 3207 ipsum
1503 3083 1716 3216 adm&

496 3221 619 3288 dictam
648 3221 784 3286 ballium
805 3220 947 3301 restitui,
970 3218 1107 3284 eandem
1137 3219 1272 3285 ballium
1299 3221 1362 3286 sibi
1384 3223 1546 3289 commisi-

496 3322 592 3390 mus’
614 3322 867 3401 custodiendam,
889 3321 1049 3409 quamdiu
1077 3320 1174 3387 nobis
1196 3321 1366 3409 placuerit,
1388 3324 1438 3390 ita
1459 3327 1546 3412 quod

496 3427 537 3492 dc
558 3425 704 3492 exitibus
725 3424 802 3490 inde
824 3423 1096 3511 provenientibus
1126 3445 1185 3510 per
1205 3446 1325 3490 manus
1345 3425 1546 3494 vicecomitis

495 3529 600 3594 nostri
623 3527 839 3595 Eboracensis
869 3527 927 3614 qui
960 3548 1019 3615 pro
1050 3532 1199 3614 tempore
1228 3526 1328 3593 fuerit
1350 3530 1546 3617 respondeat

496 3632 539 3696 ad
560 3630 757 3696 scaccarium
778 3635 936 3695 nostrum.
983 3630 1030 3694 Et
1051 3628 1126 3694 ideo
1148 3629 1214 3696 tibi
1235 3630 1442 3718 praecipimus
1456 3633 1545 3718 quod

496 3733 630 3799 bolliam
677 3730 870 3820 praedictam
909 3731 1016 3797 cidem
1054 3731 1201 3798 Roberto
1244 3732 1394 3798 liberetis
1438 3740 1545 3800 custo·

495 3836 648 3901 diendam
682 3834 719 3899 in
747 3833 853 3898 forma
873 3834 1037 3922 praedicta
1082 3833 1189 3915 Teste,
1213 3839 1273 3900 ete.
1296 3835 1396 3901 tertio
1419 3835 1544 3903 decimo

496 3939 550 4002 dic
572 3935 698 4016 Martii,
722 3957 810 4001 anno
844 3935 938 4022 regni
970 3935 1077 4001 nostri
1101 3937 1372 4026 quinquagesimo
1394 3940 1543 4005 secundo.

497 4039 596 4106 Unde
618 4037 837 4104 dominationi
860 4043 980 4105 vestrae
1004 4039 1154 4126 significo
1176 4040 1265 4126 quod
1286 4040 1395 4105 dictus
1420 4041 1543 4107 Rober·

495 4148 550 4208 tus
584 4142 625 4208 dc
655 4141 686 4207 lc
723 4141 821 4206 Estrc
856 4140 1022 4207 instanter
1060 4142 1148 4229 petit
1184 4142 1276 4208 mitti
1314 4142 1351 4208 in
1387 4142 1541 4209 seisinsm

496 4244 661 4332 pmcdictae
691 4242 808 4321 balliae,
847 4247 883 4309 et
914 4243 951 4308 in
980 4243 1086 4309 nihilo
1120 4243 1203 4309 mihi
1235 4243 1310 4310 vult
1340 4245 1543 4331 respondero,

495 4349 596 4412 immo
637 4345 713 4412 vult
746 4347 941 4432 respondere
982 4346 1116 4412 domino
1160 4347 1231 4433 regi
1268 4346 1311 4410 ad
1348 4348 1542 4414 scaccarium

495 4448 641 4535 ejusdem
672 4448 798 4514 domini
829 4448 916 4536 regis
946 4470 1004 4536 per
1033 4471 1167 4514 menum
1189 4469 1282 4513 suam
1304 4449 1486 4535 propriam3
1508 4455 1543 4517 et

495 4552 538 4617 ad
568 4551 629 4617 hoc
662 4551 792 4617 invenit
823 4550 956 4616 domino
986 4551 1057 4638 regi
1088 4550 1221 4639 plegios,
1244 4554 1284 4615 ut
1306 4550 1394 4616 dicit.
1440 4549 1541 4619 Unde

530 4871 610 4924 'The
629 4873 694 4938 style
712 4873 787 4937 given
806 4873 992 4924 toJolrndclu
1041 4871 1118 4937 bably
1137 4866 1223 4922 meiana
1246 4871 1305 4937 only
1328 4871 1492 4925 Jusriciariu
1513 4875 1543 4927 de

494 4954 576 5004 Linde
587 4953 613 5002 in
624 4952 676 5002 this
686 4952 758 5004 letter
768 4952 791 5002 ir
801 4952 870 5003 osten
879 4952 955 5018 given
966 4960 993 5001 to
1043 4951 1139 5003 Bauco.

494 5034 537 5083 the
557 5031 629 5081 chief
640 5030 776 5095 justiciam.
810 5030 878 5081 IIerc
897 5031 918 5081 it
936 5046 992 5095 pro·
1015 5067 1019 5075 .
1076 5030 1273 5096 *commissum
1294 5030 1350 5082 Oru.
1363 5030 1420 5083 MS.
