4350 6442
586 1144 838 1197 rusus'manrvu
868 1147 913 1196 or
934 1148 1004 1198 uua
1027 1148 1134 1199 amau
1158 1150 1202 1198 or
1226 1150 1346 1201 aruer
1370 1153 1420 1202 ru.
1530 1142 1550 1203 ³

494 1322 661 1389 Novimus
683 1343 762 1388 vero
785 1326 820 1388 et
848 1320 990 1387 firmiter
1012 1322 1183 1402 credimus,
1205 1324 1295 1409 quod
1325 1344 1445 1412 magna
1475 1346 1551 1411 pars

493 1425 670 1512 proborum
687 1424 857 1490 hominum
880 1427 915 1490 et
937 1424 1109 1490 meliorum
1125 1426 1333 1513 Burdegaliae
1355 1433 1415 1504 eat,
1430 1427 1550 1514 quibus

493 1526 656 1595 discordia
677 1528 765 1611 iuter
787 1526 913 1592 dictum
937 1526 1150 1592 senescallum
1173 1536 1322 1593 vestrum
1337 1537 1371 1593 et
1393 1528 1549 1614 majorem

494 1635 712 1697 memoratum
736 1628 867 1716 penitus
890 1629 1062 1715 displicet;
1086 1651 1145 1695 nec
1168 1630 1277 1716 placet
1306 1630 1403 1695 alicui
1426 1652 1548 1711 eorum,

492 1732 557 1799 nisi
581 1737 713 1799 tantum
736 1732 824 1798 dicto
840 1731 956 1817 majori
978 1734 1012 1797 et
1034 1732 1191 1798 consociis
1214 1732 1333 1799 suiset
1355 1733 1549 1799 fautoribus.

493 1834 603 1918 Quare
626 1835 750 1921 regiam
781 1833 987 1920 majestatem
1023 1840 1170 1899 vestram
1201 1835 1357 1900 duximus
1388 1837 1549 1902 attentius

491 1937 703 2014 exorandam,
726 1936 831 2002 modis
856 1935 1008 2001 omnibus
1033 1937 1155 2022 quibus
1178 1959 1359 2023 possumus,
1386 1942 1548 2024 quatenus

492 2039 720 2105 consiliumet
743 2038 905 2105 auxilium
921 2043 1068 2104 vestrum
1091 2062 1189 2126 super
1211 2040 1272 2105 hoc
1294 2040 1412 2106 festine
1434 2041 1547 2128 digne-

492 2142 575 2209 mini
611 2141 775 2217 adhibere,
809 2146 849 2205 ut
880 2146 990 2207 vestro
1028 2142 1125 2207 cedat
1163 2163 1290 2229 semper
1320 2143 1489 2209 commodo
1513 2149 1548 2211 et

491 2243 618 2326 honori,
641 2249 679 2310 et*
707 2243 793 2330 quod
827 2243 933 2309 dictus
966 2242 1071 2330 major
1101 2239 1308 2330 Burdegaliae
1338 2265 1398 2309 nec
1431 2246 1489 2310 alii
1511 2245 1548 2311 in

492 2345 620 2412 dietum
642 2346 855 2412 senescallum
877 2349 1035 2424 vestrum,
1059 2367 1120 2412 nee
1142 2345 1253 2425 alium,
1269 2353 1472 2432 praesumant
1493 2347 1548 2414 vel

492 2447 639 2515 audeant
661 2448 743 2514 talia
766 2447 807 2512 de
831 2452 937 2512 cetero
960 2454 1171 2534 perpetrare3
1196 2448 1304 2534 ipsum
1327 2448 1415 2513 enim
1442 2471 1547 2514 senes-

492 2551 612 2619 callum
626 2555 775 2618 vestrum
792 2551 911 2614 scimus
927 2549 1158 2615 indubitanter
1174 2549 1290 2615 utilem
1313 2556 1411 2616 terrae
1426 2556 1547 2619 vestra

493 2653 675 2719 Waaoouiae
707 2658 741 2718 et
776 2652 973 2738 promotioni
1008 2659 1127 2719 vestrae
1150 2652 1292 2718 fideliter
1322 2652 1547 2736 desudantem,

491 2756 585 2841 cnjus
607 2756 781 2842 probatam
803 2754 998 2819 fidelitatem
1014 2754 1233 2820 dominationi
1247 2762 1366 2822 vestrae
1380 2757 1548 2822 reddimus

491 2857 635 2924 fideliter
671 2864 706 2922 et
747 2858 932 2943 specialiter
969 2858 1238 2924 commendatam.
1301 2858 1420 2924 Valeat
1458 2861 1548 2946 regia

492 2967 604 3027 vestra
630 2961 831 3046 magnitude.

795 3247 810 3252 ..
830 3247 869 3253 .-
897 3249 906 3252 ⁴,
921 3247 1236 3254 .---——.----.--—.-.-.

919 3490 1121 3557 ccccxlv.

553 3675 719 3741 anau
743 3692 786 3739 os
810 3673 1116 3739 Cua1srCnuacs
1140 3689 1183 3736 uo
1207 3672 1340 3751 Remu,
1363 3671 1496 3737 Brauon

693 3793 737 3841 os
760 3777 984 3842 Curcunsrua
1005 3791 1078 3840 aun
1103 3775 1345 3841 cumcuma.

837 3926 932 3991 (Royal
944 3924 1052 3985 Iabere,
1064 3923 1113 3974 No.
1127 3925 1197 3986 776.)

537 4055 730 4121 Reverendo
765 4054 898 4118 domino
933 4057 967 4117 et
1005 4052 1093 4138 patri
1129 4050 1164 4114 in
1199 4048 1332 4115 Christo
1370 4047 1712 4127 carissimaaboutoa

492 4159 625 4226 domino
658 4156 871 4244 R[adulph0]‚
905 4155 970 4219 Dei
1002 4153 1113 4241 gratia
1149 4150 1355 4237 Cycestreusi
1387 4151 1545 4238 episcopo,
1559 4128 1639 4176 ”³⁰⁶¹

491 4261 618 4327 domini
644 4260 729 4346 regis
763 4258 963 4334 cancellario,
995 4278 1075 4323 auus
1106 4252 1320 4340 W[illehnus]
1353 4253 1394 4317 de
1422 4252 1546 4318 Christi

493 4364 644 4440 Ecclesia,
667 4363 806 4427 salutem
830 4367 920 4426 etse
944 4360 1104 4425 devotum
1127 4379 1201 4424 cum
1225 4356 1314 4421 omni
1337 4356 1527 4421 reverentia.

537 4466 678 4532 Noverit
700 4465 882 4552 patenritas
904 4467 1017 4527 vestra
1040 4461 1128 4549 quod
1150 4459 1300 4525 dedimus
1323 4458 1359 4522 in
1378 4457 1544 4525 mandatis
1556 4473 1704 4527 whstisto

491 4568 622 4633 suras
654 4568 695 4632 ue
728 4567 835 4643 aaa,
869 4570 907 4630 ut
940 4565 1038 4628 nous
1070 4563 1294 4650 significarent
1327 4560 1356 4626 si
1387 4559 1544 4628 uadens
1554 4543 1662 4659 {goffia

492 4671 643 4736 Vecchan
666 4670 707 4733 ad
731 4674 842 4755 partes
865 4667 1035 4732 Breconiae
1058 4665 1160 4730 vellet
1191 4663 1341 4729 accedere
1364 4669 1398 4728 et
1420 4662 1543 4729 ibidem
1555 4665 1648 4726 Medic

491 4797 616 4840 moram
641 4774 754 4848 dicere,
769 4771 948 4836 secuudum
971 4770 1109 4834 femiam
1134 4769 1296 4833 intervos
1319 4772 1354 4831 et
1369 4766 1543 4832 Leulinum
1555 4741 1700 4808 V⁸⁰⁸¹¹⁸¹²l

930 4984 937 4989 ..
952 4980 1069 4988 ...——.---
1294 4974 1392 4982 -—-
1428 4975 1436 4979 .
1457 4971 1534 4980 ..φ-

702 5111 706 5136 ¹
727 5109 773 5157 See
787 5108 842 5158 [lot.
854 5107 909 5157 Pa.
927 5113 953 5157 lt
968 5106 1035 5154 lion.
1047 5104 1105 5158 111..
1117 5110 1173 5167 part
1187 5108 1208 5156 1.
1219 5101 1309 5151 memb.
1322 5105 1345 5148 3.

1344 5193 1366 5241 Δ
1390 5180 1411 5240 2
