4350 6442
608 1151 855 1201 muusrumrvs
878 1153 922 1201 os
944 1153 1014 1203 vnn
1037 1154 1146 1204 unios
1169 1156 1213 1203 or
1236 1154 1358 1205 usunv
1381 1157 1429 1204 111.
1477 1143 1541 1211 2:39

538 1323 692 1390 Ceterum
716 1326 795 1412 quio
817 1325 953 1392 dilectos
987 1332 1021 1395 et
1056 1327 1169 1393 fidelos
1203 1332 1333 1393 nostros
1355 1327 1379 1394 J
1381 1327 1544 1393 ohannem

494 1426 632 1493 Monsoll
655 1429 897 1495 thesaurarium
914 1430 1152 1497 Eboromnsom
1176 1436 1211 1497 et
1235 1431 1417 1496 Robertum
1433 1428 1545 1495 Wole-

492 1532 584 1607 rond,
623 1537 757 1619 propter
794 1533 1024 1599 infirmitatem
1062 1539 1219 1614 nostram,
1259 1541 1294 1599 et
1330 1556 1390 1622 pro
1427 1555 1545 1623 guerro

492 1640 605 1699 nostro
628 1634 768 1717 Wulliso,
791 1658 918 1701 necnon
952 1641 988 1703 et
1019 1637 1094 1703 uliis
1124 1637 1267 1725 negotiis
1301 1637 1396 1705 nobis
1419 1637 1545 1703 incum-

491 1734 655 1814 bentibus,
678 1738 731 1803 his
754 1738 872 1805 diebus
894 1739 937 1805 ad
968 1741 1179 1826 punsentiam
1201 1747 1347 1807 vestrum
1378 1739 1543 1807 destinare

491 1839 573 1902 non¹
592 1841 766 1925 potuimus
777 1842 943 1907 mittimus
953 1844 1175 1909 venerabilem
1186 1849 1314 1931 petrem
1324 1842 1542 1929 W[alterum]

492 1939 711 2007 Exoniensem
724 1944 919 2030 episcopum,
932 1944 1169 2031 W[illolmum]
1187 1946 1228 2010 de
1239 1944 1398 2010 Valenoio
1408 1944 1544 2009 fratrem

492 2049 651 2121 nostrum,
674 2049 709 2109 et
740 2047 898 2131 quosdam
933 2047 1015 2113 alios
1048 2048 1161 2113 fideles
1184 2053 1313 2113 nostros
1335 2047 1379 2111 ad
1402 2068 1543 2134 praesen·

493 2145 575 2209 tium
598 2153 752 2227 vestrum,
777 2171 836 2235 pro
862 2149 1005 2235 nogotiis
1038 2151 1162 2216 nostris
1196 2171 1295 2236 penes
1317 2171 1377 2214 vos
1392 2170 1396 2178 ·
1411 2149 1544 2237 expedi-

493 2249 586 2312 endis
609 2272 707 2336 super
729 2252 818 2316 sueto
840 2252 929 2337 pacis
952 2252 1042 2317 inter
1064 2274 1124 2317 vos
1157 2258 1192 2318 et
1225 2275 1285 2318 nos
1318 2253 1420 2329 mitro,
1444 2258 1544 2339 prout

492 2372 596 2437 nuper
611 2358 688 2417 aute
711 2374 872 2419 recessum
887 2358 1038 2419 nostrum
1053 2378 1074 2420 u
1089 2354 1184 2421 vobis
1198 2356 1287 2443 apud
1303 2354 1543 2441 Compendium

492 2454 678 2519 condictum
713 2455 787 2535 suit,
811 2455 898 2521 siout
931 2456 1036 2521 nostis
1048 2481 1057 2536 ;
1080 2456 1201 2543 quibus
1232 2478 1331 2543 super
1362 2456 1413 2521 his
1444 2456 1543 2522 fidem

492 2556 647 2621 rulhibere
670 2557 781 2622 velitis
807 2558 1041 2625 indubitatum.

537 2660 632 2724 Teste
664 2682 739 2747 rege
763 2661 851 2747 opud
876 2661 1217 2740 westmonasterium,
1240 2662 1357 2751 quinto
1380 2663 1434 2729 dio
1457 2662 1541 2729 Feb-

493 2783 602 2828 ruuru

824 2970 887 2978 ...n-⁵.
911 2972 954 2977 .-...
970 2971 1015 2977 --..
1043 2972 1077 2977 ...-
1117 2971 1135 2977 ...
1162 2971 1189 2977 --ι
1200 2970 1252 2977 ...—

928 3127 1083 3193 DXOVI.

568 3262 697 3329 Hsusv
721 3263 787 3330 III.
811 3281 853 3328 ro
877 3263 1081 3345 Messinm,
1107 3263 1231 3343 Quum
1255 3280 1299 3327 or
1323 3262 1473 3330 Fmscs

691 3398 763 3461 (uu.
776 3398 858 3451 Clam.
871 3403 903 3450 47
915 3399 981 3451 Heu.
990 3398 1050 3460 ΙΠ.,
1059 3399 1152 3449 memb.
1166 3403 1196 3449 12
1208 3397 1235 3447 iu
1247 3400 1343 3462 dorso.)

536 3513 671 3601 Regium
696 3514 845 3581 Fronoim
868 3536 927 3579 rex
958 3514 1109 3594 sulutem,
1132 3519 1167 3580 et
1199 3513 1334 3579 sineerae
1357 3512 1542 3580 dilectionis
1554 3517 1615 3569 Feb·
1628 3524 1653 3587 ⁵,

491 3617 653 3682 affectum.
1557 3590 1629 3639 ¹²⁶³·

536 3721 620 3785 Cum
643 3721 728 3786 cirea
750 3721 857 3786 soedus
879 3721 977 3807 psois,
1001 3719 1198 3797 dilectionis,
1225 3725 1259 3784 et
1282 3718 1424 3785 unitatis
1453 3719 1680 3795 interPrsyuae

491 3827 662 3892 dominum
684 3834 831 3893 vestrum
867 3831 901 3892 et
934 3832 1086 3893 nostrum
1113 3848 1222 3914 regem
1246 3825 1395 3892 Francis
1425 3833 1460 3892 et
1481 3848 1542 3892 nos
1554 3797 1709 3915 {Jfflffi

490 3929 672 3995 ineundum
695 3936 817 3996 nostroe
851 3929 973 3995 mentis
1004 3928 1226 3994 desiderium⁹
1260 3928 1380 3995 affeetu
1403 3951 1486 4015 puro
1508 3931 1685 3994 etennensi-

490 4034 586 4098 corde
609 4034 814 4120 posuerimus
836 4054 902 4097 non
937 4031 1046 4097 minus
1080 4033 1220 4110 intento,
1247 4032 1283 4097 in
1314 4054 1352 4097 eo
1382 4039 1540 4117 tunquam
1554 3998 1666 4128 md

491 4135 634 4213 domino,
658 4137 910 4223 consanguineo,
934 4140 969 4200 et
999 4135 1104 4201 amieo
1137 4135 1293 4201 fiduciam
1315 4134 1477 4200 hebentes
1499 4157 1541 4199 ex

489 4243 572 4315 toto,
596 4240 809 4304 serenitatem
832 4244 976 4304 vestram
1010 4242 1142 4304 attente
1171 4238 1370 4324 requirimus
1391 4242 1426 4303 et
1448 4258 1541 4323 roga·

490 4364 573 4421 mus,
613 4350 776 4428 quotenus
821 4365 899 4430 erga
944 4341 1140 4428 pmedictum
1186 4339 1356 4405 dominum
1393 4345 1541 4405 vestrum

490 4444 616 4510 instare
638 4450 672 4510 et
706 4467 801 4532 opem
835 4444 1026 4531 impendero
1048 4443 1168 4523 velitis,
1192 4449 1232 4509 ut
1254 4464 1386 4507 suarum
1410 4463 1541 4531 preoum

490 4548 699 4626 adminiculo,
716 4570 775 4635 por
798 4548 916 4613 summi
940 4546 1106 4633 pontificis
1121 4545 1304 4610 subsidium
1321 4549 1356 4609 et
1372 4545 1541 4631 juvamen,

491 4657 606 4715 votum
644 4652 749 4716 crucis
780 4657 901 4716 nostrae
936 4649 1075 4736 explere,
1112 4654 1146 4713 et
1181 4648 1244 4712 Dei
1278 4647 1460 4728 servitium,
1499 4649 1542 4713 nd

490 4755 578 4838 quod
616 4754 835 4820 intentionem
873 4759 1020 4819 nostram
1056 4750 1259 4828 devovimus,
1293 4750 1469 4835 perfectius
1506 4756 1541 4816 et

525 5086 530 5112 ¹
550 5082 610 5147 uon]
623 5083 676 5132 Not
686 5084 713 5132 in
724 5083 780 5134 MS.
1012 5080 1018 5148 Ι
1064 5086 1073 5110 ²
1089 5079 1247 5146 mim]
1260 5080 1365 5142 desidiis,
1377 5079 1439 5142 MS.¹
