4350 6442
604 1165 857 1222 lmusmmvu
879 1169 924 1220 OF
946 1169 1016 1220 THE
1039 1169 1148 1221 umes
1171 1171 1215 1221 OF
1242 1171 1365 1223 HENBY
1386 1173 1437 1225 111.
1506 1163 1548 1226 13

492 1346 593 1413 Unde
630 1347 659 1411 si
696 1351 896 1412 memoratus
934 1345 1106 1434 episeopus
1143 1345 1352 1412 voluntatem
1393 1349 1550 1416 habuerit

491 1449 681 1516 revertendi
704 1449 798 1514 etin
819 1469 920 1535 regno
943 1454 1057 1514 nostro
1080 1451 1313 1531 commorandi,
1337 1451 1420 1517 bene
1443 1453 1550 1540 placet

491 1551 589 1617 nobis
619 1551 724 1638 ipsius
758 1550 933 1630 adventus,
957 1571 1018 1617 nee
1048 1550 1113 1616 erit
1142 1553 1201 1637 qui
1230 1553 1339 1639 ipsum
1370 1576 1467 1641 super
1488 1555 1550 1621 hoo

491 1659 703 1744 aliquatenus
725 1657 895 1741 impediat,
912 1661 974 1722 aut
996 1679 1070 1722 oum
1093 1657 1231 1725 redierit
1254 1659 1546 1746 tranquillitatem¹

490 1761 595 1847 ipsius
629 1759 810 1848 perturbet.
857 1759 951 1826 Lioet
982 1760 1084 1825 etiam
1119 1760 1264 1847 graviter
1295 1784 1408 1828 versus
1438 1764 1547 1849 ipsum

490 1884 708 1942 moveremur,
731 1862 775 1927 ad
789 1862 987 1928 instantiam
1002 1867 1145 1928 vestram
1169 1869 1364 1950 conseptum
1380 1887 1547 1930 rancorem

490 1967 521 2030 si
544 1966 620 2053 quis
641 1969 727 2031 esset
748 1965 882 2052 penitus
904 1965 935 2030 ei
957 1965 1211 2043 remitteremus,
1226 1966 1335 2052 parati
1351 1972 1385 2033 et
1406 1969 1548 2055 expositi

493 2073 655 2153 tanquam
689 2067 777 2132 filius
811 2072 934 2133 sanotae
959 2066 1118 2133 Romanae
1149 2068 1291 2134 ecelesiae
1315 2069 1548 2136 devotissimus

492 2171 529 2235 in
560 2170 613 2234 his
643 2176 678 2237 et
700 2170 773 2235 aliis
799 2171 920 2236 vestris
942 2170 1103 2235 inhaerere
1126 2170 1280 2249 consiliis,
1305 2176 1340 2236 et
1362 2173 1547 2238 voluntatis

494 2279 615 2338 vestrae
653 2295 711 2359 pro
748 2272 876 2338 viribus
914 2272 1036 2338 nostris
1073 2273 1316 2359 beneplacitum
1357 2275 1544 2361 adimplere.

492 2373 590 2440 Teste
621 2397 697 2461 rege
728 2375 816 2461 apud
855 2373 1183 2440 Westmonasten'um
1219 2382 1337 2461 quarto
1371 2378 1424 2441 die
1456 2378 1535 2442 Maii

494 2497 582 2541 anno
605 2476 701 2563 regni
723 2476 829 2541 nostri
851 2474 1014 2542 vicesimo.

812 2773 1249 2785 Ἢ.

908 3009 1134 3077 ΟΟΟΟΧΧΠ.

784 3182 862 3247 Tur
886 3197 977 3248 saun
999 3200 1042 3247 ro
1066 3199 1136 3247 rus
1156 3199 1257 3248 saun.

707 3332 777 3395 (Bot
791 3331 875 3385 Clam.
890 3338 919 3384 19
932 3331 998 3384 Heu.
1010 3333 1069 3393 111,
1081 3340 1137 3398 part
1149 3338 1173 3395 2,
1184 3333 1275 3383 memb.
1287 3335 1327 3397 2.)
1415 3412 1416 3415 Ἴ

537 3462 749 3529 sanctissimo
782 3463 870 3551 patri
901 3462 937 3527 in
960 3462 1092 3529 Christo
1118 3463 1314 3549 G[regorio],
1341 3462 1405 3528 Dei
1435 3463 1670 3551 gratiamque,

491 3587 620 3632 summo
650 3564 807 3652 pontifici,
840 3565 990 3643 satutem,
1023 3570 1058 3631 et
1096 3570 1192 3631 tanto
1214 3566 1305 3653 patri
1339 3587 1376 3632 ao
1408 3565 1543 3632 domino
1559 3544 1631 3592 ¹²³⁶·

492 3667 712 3734 omnimodam
734 3667 954 3733 reverentiam
977 3690 1051 3733 oum
1074 3667 1205 3733 honore.

536 3770 726 3857 Apostolioa
748 3769 840 3836 sedes
871 3769 928 3856 pia
949 3775 1057 3835 mater
1090 3792 1331 3856 nonnunquam
1360 3770 1439 3837 filiis
1476 3771 1544 3837 suis
1556 3776 1676 3858 Beingin

492 3871 647 3938 desolatis
672 3871 838 3949 solatium,
860 3871 1020 3958 oppressis
1050 3871 1243 3951 subsidium,
1266 3872 1320 3960 pie
1354 3874 1544 3960 petentibus
1556 3845 1698 3962 fflfffgy

491 3973 616 4040 viscera
642 3973 778 4061 pietatis
800 3975 973 4041 oonsuevit
998 3973 1252 4039 misericorditer
1275 3975 1409 4061 aperire.
1457 3975 1657 4055 Qua-501¹s0r

490 4082 625 4164 propter
647 4077 827 4164 adipeam,
850 4082 1009 4161 tanquam
1032 4075 1075 4140 ad
1098 4076 1188 4162 piam
1210 4080 1353 4142 matrem
1388 4082 1542 4154 nostram,
1556 4043 1704 4160 {imp

491 4200 566 4264 qum
595 4178 692 4244 nobis
725 4178 776 4243 sui
807 4178 917 4266 gratia
953 4182 994 4243 ut
1031 4177 1101 4243 filio
1134 4200 1193 4244 suo
1231 4179 1353 4245 devoto
1387 4179 1627 4245 continuauer-

491 4281 712 4368 compassione
742 4280 943 4367 oompatitur
964 4279 1191 4345 favorabiliter
1223 4285 1258 4344 et
1288 4280 1438 4366 benigne,
1471 4302 1544 4346 eum

492 4383 590 4468 regiae
613 4382 773 4468 dignitati
794 4381 1023 4447 necessitatem
1038 4380 1210 4447 imminere
1224 4381 1385 4461 videmus,
1401 4381 1546 4469 confugi-

492 4504 566 4547 mus
580 4483 790 4549 oonfidenter.
835 4482 926 4547 Hino
948 4487 1000 4548 est
1022 4483 1111 4569 quod
1134 4505 1209 4548 oum
1225 4482 1362 4548 dilectos
1376 4488 1411 4549 et
1434 4482 1546 4549 fideles

492 4590 621 4650 nostros
645 4584 811 4671 P[etrum]
835 4583 1033 4650 Saraoenum
1056 4591 1092 4650 et
1123 4584 1320 4671 magistrum
1344 4584 1376 4651 S.
1400 4585 1441 4651 de
1465 4585 1546 4672 Sey-

493 4686 573 4751 land
596 4687 748 4754 clericum
785 4691 937 4752 nostrum
971 4708 1030 4773 pro
1069 4687 1266 4773 quibusdam
1299 4689 1441 4774 negotiis
1473 4711 1547 4754 nos·

491 4790 554 4853 tris
586 4790 629 4855 ad
658 4790 768 4855 sedem
793 4789 1005 4876 apostolicam
1035 4791 1311 4867 transmittamus,
1333 4792 1545 4878 paternitatis

668 4986 843 4992 ...ψ-ἓ..
858 4984 996 4991 ----.
1199 4983 1541 4991 -....,-..—-—...———

729 5098 735 5126 ¹
754 5095 966 5163 tanquillitatem]
985 5097 1210 5162 msqrdllitstem
1222 5097 1278 5148 MS.
