4350 6442
601 1172 665 1235 28ss
757 1186 870 1235 norm
892 1186 966 1235 asu>
989 1187 1105 1235 ornes
1129 1186 1335 1237 nrsronrcsn
1358 1186 1505 1235 umens

598 1360 766 1425 voluerint
789 1382 823 1427 se
848 1362 1035 1427 transferre.
1084 1360 1129 1425 Et
1161 1362 1386 1447 promittimus
1420 1362 1507 1447 ipsos
1540 1358 1651 1423 nisnu-

598 1472 709 1526 tenere
742 1474 776 1526 et
808 1462 982 1529 defendere
1020 1465 1056 1527 in
1097 1463 1163 1529 suis
1196 1463 1337 1549 juribus,
1367 1460 1587 1537 libertatibus,
1618 1466 1651 1525 et

598 1564 902 1643 consuetudinibus,
917 1567 1004 1631 sieut
1018 1572 1143 1633 eeteros
1166 1566 1314 1631 homines
1337 1582 1476 1645 nostros,
1494 1562 1650 1651 quamdiu

598 1666 660 1730 sub
682 1667 778 1732 nobis
799 1668 969 1734 voluerint
991 1670 1195 1734 commorari.
1244 1669 1289 1734 Et
1309 1671 1336 1734 si
1360 1678 1474 1734 eontra
1495 1666 1651 1754 praedicta

598 1770 711 1835 venire
742 1773 1054 1859 praesumpserimus,
1081 1771 1235 1836 volumus
1262 1778 1296 1836 et
1327 1771 1534 1837 ooneodimus
1565 1766 1652 1855 qnod

599 1871 663 1936 nisi
708 1872 796 1937 infra
840 1882 909 1939 tres
952 1895 1080 1939 menses
1123 1890 1297 1961 postquam
1335 1896 1378 1939 ex
1415 1878 1509 1961 parte
1549 1870 1653 1959 ipsius

599 1974 724 2039 domini
746 1976 833 2062 regis
856 1976 1016 2042 fuerimus
1038 1978 1192 2063 requisiti
1215 1977 1277 2041 hoc
1298 1982 1523 2064 competenter
1544 1994 1653 2041 uen-

599 2076 796 2156 davefimrm,
820 2078 907 2164 qnod
931 2080 1018 2144 idem
1041 2078 1195 2144 dominus
1227 2094 1339 2144 noster
1369 2100 1427 2143 rex
1449 2090 1575 2143 extunc
1596 2098 1654 2163 per

599 2182 805 2267 prceseriptos
827 2182 1064 2247 conventiones
1086 2193 1121 2247 et
1144 2183 1363 2247 eoncessiones
1386 2182 1420 2244 in
1443 2178 1535 2244 nullo
1558 2178 1653 2245 nobis

599 2289 761 2347 teneatur.

644 2384 743 2465 Quod
774 2392 886 2450 autem
918 2386 1055 2451 domino
1085 2392 1200 2451 nostro
1231 2386 1301 2473 regi
1324 2398 1494 2470 tamquam
1518 2383 1653 2450 domino

599 2486 730 2551 obedire
767 2502 802 2552 et
836 2489 959 2553 servire
992 2496 1028 2554 et
1070 2489 1262 2575 pnedietam
1306 2487 1502 2553 solutionem
1547 2484 1652 2551 faeere

598 2590 815 2675 promisimus,
851 2590 1107 2677 intelligendum
1146 2598 1197 2657 est
1234 2590 1322 2677 quod
1367 2589 1525 2677 quamdiu
1563 2588 1652 2654 idem

599 2692 752 2756 dominus
789 2714 848 2757 rex
890 2694 1134 2759 ordinationem
1183 2694 1376 2780 praedietam
1426 2713 1557 2758 servare
1595 2712 1654 2756 vo-

599 2793 707 2873 luerit,
730 2794 878 2880 alioquin
908 2797 937 2859 si
969 2797 1201 2863 contravenire
1234 2797 1490 2884 presumpserit,
1522 2802 1556 2860 et
1590 2794 1654 2859 hoo

598 2918 656 2982 per
685 2896 859 2961 eonsilium
888 2920 985 2961 suum
1016 2900 1106 2985 quod
1138 2901 1317 2965 seeundum
1350 2899 1487 2963 sennam
1519 2897 1652 2962 ordina·

596 3001 700 3064 tionis
722 2999 868 3085 ejusdem
892 3000 1046 3067 habuerit
1078 3003 1175 3068 nobis
1206 3002 1443 3068 denunciatum
1473 2998 1652 3075 exstiterit,

598 3103 633 3166 in
657 3118 775 3169 neutro
797 3103 862 3168 sibi
893 3110 1076 3181 teneamur,
1101 3106 1204 3170 donec
1235 3128 1270 3170 se
1293 3126 1389 3191 super
1412 3103 1473 3169 hoo
1496 3102 1653 3167 emenda-

598 3208 686 3270 verit
711 3217 746 3270 et-
778 3207 1025 3273 eoneordaverit
1054 3230 1089 3273 se
1120 3208 1331 3295 magnatibus
1354 3208 1422 3271 suis
1444 3204 1652 3294 supradictis,

598 3314 674 3393 post
695 3309 783 3394 qnod
806 3310 871 3373 sibi
893 3310 1085 3375 obediemus
1108 3318 1278 3396 tamquam
1301 3310 1436 3375 domino
1462 3316 1498 3374 et
1519 3306 1654 3373 satisfa-

597 3412 720 3476 eiemus
742 3419 781 3476 ut
804 3413 905 3498 prius

643 3514 769 3579 Datum
807 3515 844 3578 in
875 3515 991 3579 eastris
1016 3515 1118 3599 justa
1161 3516 1336 3601 Ppperton
1372 3513 1426 3579 die
1463 3520 1651 3579 sanctorum

598 3614 748 3681 Gervasii
775 3632 809 3681 et
840 3616 1014 3696 Protbssii,
1037 3639 1125 3682 anno
1157 3617 1292 3682 Domini
1327 3616 1499 3681 millesimo
1529 3616 1652 3681 dueen-

598 3718 716 3782 tesimo
754 3721 958 3806 sexagesimo
1003 3720 1129 3805 quinto.
1192 3720 1233 3783 In
1272 3719 1365 3805 eujus
1409 3719 1456 3784 rei
1501 3718 1653 3783 testimo-

597 3820 690 3883 nium
743 3820 820 3885 huie
868 3823 1089 3887 instrumento
1138 3822 1283 3908 sigillum
1335 3826 1482 3887 nostrum
1527 3820 1653 3907 apponi

598 3922 742 4001 serimus,
773 3924 993 4008 praesentibus
1028 3932 1063 3989 et
1095 3924 1376 3989 consentientibus
1411 3921 1551 3988 Griffino
1581 3922 1654 3985 filio

599 4023 836 4103 Wennnnwen,
869 4025 1009 4091 Griffino
1042 4028 1111 4090 tilio
1136 4027 1275 4103 Madoei,
1301 4025 1439 4091 Howelo
1469 4031 1503 4090 et
1525 4022 1653 4089 Madok

598 4126 757 4191 fratribus
793 4128 871 4207 suis,
911 4128 976 4193 Res
1014 4128 1163 4215 erhan,
1199 4129 1349 4194 Howello
1381 4128 1450 4192 filio
1486 4126 1652 4207 biuredut,

598 4228 717 4294 Howel
743 4230 813 4295 filio
841 4230 928 4309 Resi‚
955 4231 1068 4296 Goron
1103 4234 1170 4298 tilio
1195 4232 1391 4309 Etdenuvet,
1417 4232 1544 4297 Howen
1580 4228 1652 4296 tilio

599 4330 769 4419 Blethyin,
792 4339 827 4399 et
848 4332 964 4399 multis
985 4334 1069 4399 aliis.
