4350 6442
753 1200 795 1261 86
902 1210 1013 1260 nomn
1034 1210 1108 1258 nso
1131 1210 1247 1257 o'rnen
1274 1208 1475 1258 nisnomcun
1499 1208 1647 1256 nemeae

753 1386 934 1453 Wasooniae
965 1392 1000 1453 et
1037 1386 1145 1453 insula
1182 1385 1340 1472 pnedicta
1378 1382 1537 1450 Oleronie
1594 1381 1651 1445 lta
1689 1382 1804 1443 tamen

750 1491 838 1575 quod
860 1490 1073 1555 testituemus
1104 1490 1294 1576 praedictam
1331 1494 1453 1553 terrum
1488 1508 1562 1551 cum
1586 1480 1800 1571 pertinentiis

752 1593 909 1678 praedicto
926 1593 1104 1658 Eduuardo
1119 1593 1172 1657 vel
1195 1591 1251 1657 alii
1275 1591 1432 1657 heredum
1454 1590 1559 1677 ipsius
1574 1586 1700 1652 domini
1716 1584 1805 1671 regie

750 1697 808 1781 qui
829 1695 985 1760 scieinam
1001 1695 1166 1782 predictae
1181 1700 1279 1761 terreo
1296 1693 1477 1759 Wuseoniae
1493 1691 1656 1769 habuerit,
1677 1688 1707 1753 si
1730 1707 1803 1753 eom

750 1798 871 1864 habere
905 1800 1080 1879 voluen'nt,
1114 1799 1183 1864 sine
1225 1798 1461 1885 imledimento
1496 1803 1530 1861 et
1562 1794 1729 1859 occasione
1768 1795 1805 1856 et

749 1902 1018 1970 contradictione.
1063 1904 1106 1968 In
1129 1905 1229 1990 cujus,
1253 1908 1315 1969 etc.
1363 1904 1449 1967 Acta
1473 1900 1562 1988 apud
1578 1897 1803 1963 Westmonas·

750 2006 881 2084 terium,
904 2007 1059 2073 vicesimo
1082 2013 1199 2073 octavo
1223 2006 1275 2072 dic
1299 2006 1434 2093 Aprilis.

1108 2544 1421 2611 CCCCLXXXIII.

920 2702 1045 2765 Hunni(
1070 2702 1135 2766 Ill.
1160 2722 1201 2767 To
1228 2704 1338 2769 l'mnu
1361 2723 1405 2769 ou
1431 2705 1635 2768 Bouumus.

973 2854 1043 2913 (not.
1057 2854 1112 2903 l'at.
1125 2860 1156 2901 36
1170 2855 1236 2904 llen.
1249 2855 1306 2911 lll.,
1319 2858 1409 2905 memb.
1424 2861 1436 2905 7
1450 2857 1475 2905 in
1488 2858 1584 2917 dorso.)

799 2982 869 3047 ltex
894 2982 989 3046 Petro
1013 2983 1053 3047 dc
1077 2983 1275 3069 liurdcgnlia
1296 2985 1444 3049 salutem.

796 3086 845 3150 Dc
868 3087 961 3151 vobis
995 3086 1153 3151 habentes
1186 3087 1339 3152 fiduciam
1372 3088 1554 3174 specialem,
1587 3087 1799 3151 attendentes

694 3238 711 3287 1>
750 3190 850 3254 etiam
874 3190 961 3275 qnod
985 3190 1133 3254 Arnaldo
1152 3190 1307 3255 Willelmi
1332 3193 1372 3256 de
1389 3193 1475 3256 Acro
1500 3191 1615 3254 Monte
1638 3189 1800 3263 attinetis,

750 3292 933 3358 Simonide
952 3293 1173 3359 llontho1ti
1197 3295 1308 3358 comiti
1336 3294 1518 3359 Leieestriee
1534 3293 1648 3358 litenis
1672 3296 1801 3357 nostras

749 3396 937 3471 direximus,
961 3397 1048 3481 quod
1076 3397 1271 3482 pnedictum
1303 3397 1489 3461 Arnaldnm
1519 3397 1607 3484 apud
1640 3395 1801 3481 Regulam

748 3500 784 3563 in
814 3500 946 3585 prisona
987 3500 1159 3565 detentum
1190 3500 1284 3564 vobis
1318 3505 1352 3565 et
1388 3499 1535 3565 Waltero
1566 3500 1606 3564 de
1637 3496 1801 3563 Arundell

748 3601 906 3667 servienti
927 3607 1048 3680 nostro,
1065 3602 1220 3687 quemad
1237 3626 1294 3667 vos
1317 3624 1378 3688 pro
1400 3602 1514 3667 eodem
1537 3601 1672 3688 negotio
1695 3606 1802 3665 trame-

749 3702 924 3783 mittimus,
947 3703 1072 3769 libciet.
1121 3704 1193 3784 Quo
1228 3706 1270 3769 ab
1305 3705 1418 3770 eodem
1452 3706 1585 3792 prisona
1619 3703 1801 3769 deliberato

748 3805 915 3892 recipiatis
937 3806 979 3870 ab
1010 3808 1124 3872 eodem
1148 3808 1295 3873 Arnaldo
1327 3816 1470 3873 castrum
1503 3809 1544 3873 de
1567 3809 1653 3873 Acro
1677 3807 1800 3887 Monte,

748 3913 783 3974 et
806 3909 927 3974 milites
949 3931 988 3975 ac
1020 3909 1102 3975 alios
1134 3910 1175 3975 dc
1208 3934 1307 3997 regno
1333 3911 1481 3977 Franciae
1506 3911 1628 3976 ibidem
1652 3910 1802 3996 impriso·

749 4017 843 4077 natm·
878 4011 1052 4077 deliberari
1084 4013 1221 4089 iiiciatis,
1244 4020 1278 4079 et
1311 4015 1398 4079 idem
1433 4021 1575 4079 castrum
1608 4012 1802 4078 custodiatis

748 4115 881 4180 nomine
905 4121 1018 4180 nostro
1046 4138 1148 4201 usque
1179 4115 1220 4179 ad
1249 4118 1514 4182 l'miticotiouem
1542 4117 1578 4181 B.
1608 4114 1733 4192 llariae,
1766 4126 1800 4180 et

748 4240 808 4283 nos
844 4218 885 4284 de
924 4219 1014 4283 omni
1050 4226 1150 4294 custo,
1190 4220 1288 4295 misis,
1328 4227 1362 4285 et
1393 4221 1545 4306 expensis
1576 4218 1734 4284 faciendis
1765 4218 1800 4281 in

748 4322 899 4387 custodia
925 4322 1071 4407 ejusdem
1099 4323 1196 4387 esui
1222 4323 1315 4387 vobis
1342 4322 1587 4388 euinacienus.
1635 4321 1675 4385 In
1700 4320 1800 4405 cujus,

748 4434 807 4488 ete.
868 4425 965 4491 Teste
1004 4448 1079 4515 roge
1118 4425 1207 4514 opud
1242 4425 1588 4504 westmonasterium,
1632 4429 1728 4489 sexto
1750 4424 1802 4487 die
