4350 6442
626 1144 880 1197 mnumnsrrvn
901 1147 946 1197 or
968 1146 1038 1198 rar
1060 1147 1171 1198 amor
1193 1149 1238 1199 or
1261 1150 1384 1199 umor
1407 1151 1457 1201 111.
1528 1140 1571 1206 57

489 1326 536 1387 et
559 1302 683 1385 eidem
704 1316 775 1383 filio
796 1321 912 1384 nostro
934 1339 992 1384 seu
1015 1318 1203 1385 haeredibus
1225 1320 1349 1385 nostris
1371 1320 1572 1390 sufficienter

489 1420 670 1488 videritis
701 1417 863 1506 expediie.
909 1419 956 1485 Et
985 1421 1060 1486 ideo
1083 1420 1177 1486 vobis
1199 1422 1395 1488 mandamus
1418 1424 1507 1508 quod
1529 1425 1572 1491 ab

490 1523 630 1590 eodem
653 1520 802 1586 Amaldo
824 1521 994 1610 accipiatis
1023 1522 1234 1588 securitatem
1257 1524 1458 1610 praedictam,
1482 1529 1517 1591 et
1540 1526 1571 1591 ci

491 1624 683 1693 occasione
719 1623 868 1710 praefatae
904 1645 1033 1711 guerrae
1070 1646 1139 1690 non
1176 1625 1328 1691 inferatis
1366 1626 1420 1691 vel
1457 1625 1571 1692 inferri

490 1724 720 1817 permittatis
754 1726 938 1793 molestiam
972 1733 1032 1792 aut
1064 1748 1252 1815 gravarnen.
1313 1728 1355 1793 In
1385 1728 1487 1816 cujus,
1510 1736 1569 1797 ete

546 1828 659 1894 Teste
690 1848 767 1915 rege
797 1828 887 1916 apud
910 1828 1128 1910 wintoniam,
1167 1829 1322 1896 vicesimo
1360 1836 1478 1898 octavo
1517 1832 1571 1899 dio

490 1928 719 2001 Decembris

947 2273 1151 2340 OOOCLXI.

811 2410 887 2475 Tun
910 2426 1000 2475 slus
1021 2427 1064 2475 ro
1087 2426 1157 2474 rna
1181 2425 1277 2474 ssur.

802 2544 873 2607 (llot.
885 2543 941 2595 Pal.
954 2549 986 2594 3⁴
998 2543 1064 2595 Heu.
1076 2543 1135 2606 111„
1146 2546 1237 2596 memb.
1250 2546 1288 2608 8.)

558 2656 637 2720 Rex
674 2655 809 2729 Simoni·
848 2657 889 2722 de
924 2656 1040 2723 Monte
1079 2655 1182 2732 Forti,
1220 2655 1335 2722 comiti
1374 2654 1570 2735 Leioestrim‚
1583 2667 1646 2718 Dec.
1659 2673 1700 2731 rr,

502 2759 665 2826 salutem·
1586 2740 1657 2786 1249.

561 2857 683 2924 Sciatis
713 2859 802 2944 quod
832 2858 937 2924 Geato
971 2860 1011 2924 de
1044 2858 1158 2944 Byam
1193 2859 1287 2924 venit
1320 2861 1364 2926 ad
1386 2881 1455 2938 nos,
1478 2869 1512 2926 et
1535 2881 1569 2926 se
1582 2862 1709 2915 Wohave

507 2960 690 3047 supposuit
727 2960 957 3026 misericordiae
982 2967 1115 3041 nostrae,
1147 2966 1181 3026 et
1220 2983 1279 3026 uos
1311 2961 1341 3027 oi
1383 2961 1569 3027 remisimus
1582 2932 1723 3048 {⁰325}ss

509 3083 647 3127 omnem
669 3062 772 3127 enimi
794 3083 973 3142 rancorem,
989 3069 1023 3127 et
1046 3061 1306 3149 perdonavimus
1321 3064 1351 3127 ei
1371 3070 1405 3128 et
1420 3062 1569 3129 volitori-
1582 3064 1674 3114 neom.

413 3176 423 3187 ‘
512 3164 581 3229 bus
613 3164 680 3228 suis
712 3164 825 3228 omnia
854 3164 977 3229 damna
1009 3170 1043 3229 et
1080 3163 1271 3243 homicidia,
1303 3186 1378 3248 quas
1409 3165 1505 3230 nobis
1536 3171 1593 3229 et·

514 3265 637 3331 nostris
668 3265 857 3331 hominibus
890 3265 1087 3342 intulerunt,
1111 3265 1279 3331 occasione
1316 3285 1444 3350 guerras
1482 3264 1571 3329 inter

513 3388 577 3431 nos
610 3366 740 3433 habitae.
794 3367 839 3432 Et
872 3365 946 3432 ideo
979 3366 1074 3431 vobis
1109 3366 1304 3431 mandamus
1340 3366 1428 3451 quod
1463 3365 1569 3430 eidem

514 3469 657 3535 Gestoni
695 3473 756 3535 aut
794 3469 863 3533 suis
894 3468 1093 3534 volitoribus
1131 3475 1266 3555 propter
1304 3467 1429 3535 hoerle
1460 3472 1570 3533 cetero

512 3593 666 3659 guerram
704 3592 771 3636 non
802 3571 974 3646 moveatis,
1011 3592 1071 3635 nec
1110 3570 1296 3636 molestiam
1334 3569 1485 3635 inseratis
1517 3572 1570 3636 vel

513 3672 630 3737 inferri
652 3673 877 3759 permittatia3
906 3673 1020 3738 scituri
1055 3673 1143 3758 quod
1176 3673 1259 3738 bene
1294 3673 1447 3739 volumus
1482 3673 1570 3760 quod

513 3774 631 3839 ballivi
653 3779 688 3840 et
729 3774 842 3841 fideles
875 3775 982 3840 nostri
1017 3775 1084 3839 sint
1118 3775 1165 3839 eis
1198 3774 1375 3841 familiares
1409 3783 1443 3841 et
1475 3776 1571 3841 amici

515 3877 603 3942 sicut
624 3877 723 3963 prius.
770 3877 813 3942 In
836 3879 938 3963 cujus,
962 3884 1021 3942 etc.
1068 3877 1166 3941 Teste
1189 3884 1358 3963 utsupra.

560 3978 757 4044 Consimiles
779 3978 892 4044 literas
908 3979 1009 4044 habet
1031 3979 1119 4043 idem
1143 3977 1246 4044 Gasto
1269 3980 1423 4045 omnibus
1438 3978 1571 4044 ballivis

513 4087 550 4147 et
572 4080 724 4147 fidelibus
746 4080 840 4168 regis.
887 4080 984 4146 Teste
1008 4085 1047 4146 ut
1069 4101 1174 4166 supra.

931 4408 1155 4476 OCOOLXII.

530 4547 608 4612 Teu
629 4547 728 4615 Goon
754 4549 835 4614 Mur
859 4564 903 4614 or
923 4547 1094 4616 Ourrmu
1118 4549 1242 4613 Dusan
1264 4563 1307 4612 ro
1331 4546 1461 4614 Herm
1485 4547 1552 4615 111.

862 4675 958 4740 (Royal
970 4675 1076 4737 Ionem,
1087 4673 1136 4725 No.
1151 4676 1219 4737 170.)

560 4785 775 4850 serenissimo
809 4808 847 4851 ao
874 4787 1050 4874 magnifico
1073 4788 1146 4852 viro
1169 4787 1303 4851 domino
1327 4786 1482 4865 Henrico,
1506 4788 1568 4854 Dei
1582 4800 1673 4853 About

512 4887 623 4974 gratia
645 4886 715 4973 regi
730 4888 869 4974 Anglira
888 4889 982 4973 probi
1005 4889 1155 4953 homines
1171 4888 1279 4955 centri
1295 4889 1411 4967 Dusor,
1429 4891 1568 4957 sulutem
1584 4872 1655 4918 ¹²⁴⁹·

515 5008 551 5061 et
574 5020 608 5062 sc
635 5004 804 5085 promptos
828 4999 872 5063 ad
894 5021 955 5064 sua
981 4999 1187 5086 lrenrplacita
1213 5008 1247 5066 ct
1270 5002 1435 5067 inundata.
