<?xml version="1.0" encoding="UTF-8"?>
<!DOCTYPE html PUBLIC "-//W3C//DTD XHTML 1.0 Transitional//EN"
    "http://www.w3.org/TR/xhtml1/DTD/xhtml1-transitional.dtd">
<html xmlns="http://www.w3.org/1999/xhtml" xml:lang="en" lang="en">
 <head>
  <title>
</title>
<meta http-equiv="Content-Type" content="text/html;charset=utf-8" />
  <meta name='ocr-system' content='tesseract 3.04.00' />
  <meta name='ocr-capabilities' content='ocr_page ocr_carea ocr_par ocr_line ocrx_word'/>
</head>
<body>
  <div class='ocr_page' id='page_1' title='image "./royalandotherhi00henrgoog_0127.png"; bbox 0 0 4350 6442; ppageno 0'>
   <div class='ocr_carea' id='block_1_1' title="bbox 619 1157 1552 1218">
    <p class='ocr_par' dir='ltr' id='par_1_1' title="bbox 619 1157 1552 1218">
     <span class='ocr_line' id='line_1_1' title="bbox 619 1157 1552 1218; baseline 0.005 -6"><span class='ocrx_word' id='word_1_1' title='bbox 619 1161 869 1214; x_wconf 72' lang='lat' dir='ltr'>musmmvu</span> <span class='ocrx_word' id='word_1_2' title='bbox 891 1163 936 1212; x_wconf 82' lang='lat' dir='ltr'>OF</span> <span class='ocrx_word' id='word_1_3' title='bbox 958 1163 1028 1211; x_wconf 78' lang='lat' dir='ltr'>THE</span> <span class='ocrx_word' id='word_1_4' title='bbox 1051 1164 1159 1214; x_wconf 71' lang='lat' dir='ltr'>Belou</span> <span class='ocrx_word' id='word_1_5' title='bbox 1182 1166 1226 1215; x_wconf 75' lang='lat' dir='ltr'>OF</span> <span class='ocrx_word' id='word_1_6' title='bbox 1248 1166 1370 1216; x_wconf 82' lang='lat' dir='ltr'>HENRY</span> <span class='ocrx_word' id='word_1_7' title='bbox 1391 1168 1441 1217; x_wconf 89' lang='lat'>111.</span> <span class='ocrx_word' id='word_1_8' title='bbox 1511 1157 1552 1218; x_wconf 78' lang='lat'>55</span> 
     </span>
    </p>
   </div>
   <div class='ocr_carea' id='block_1_2' title="bbox 905 1499 1146 1571">
    <p class='ocr_par' dir='ltr' id='par_1_2' title="bbox 905 1499 1146 1571">
     <span class='ocr_line' id='line_1_2' title="bbox 905 1499 1146 1571; baseline 0.004 -3"><span class='ocrx_word' id='word_1_9' title='bbox 905 1499 1146 1571; x_wconf 80' lang='lat' dir='ltr'>CCCCLVIII.</span> 
     </span>
    </p>
   </div>
   <div class='ocr_carea' id='block_1_3' title="bbox 567 1697 1474 1868">
    <p class='ocr_par' dir='ltr' id='par_1_3' title="bbox 567 1697 1474 1868">
     <span class='ocr_line' id='line_1_3' title="bbox 567 1697 1474 1778; baseline 0.004 -15"><span class='ocrx_word' id='word_1_10' title='bbox 567 1699 697 1764; x_wconf 72' lang='lat' dir='ltr'>Hesus</span> <span class='ocrx_word' id='word_1_11' title='bbox 721 1698 787 1764; x_wconf 93' lang='grc' dir='ltr'><strong>ΙΙΙ.</strong></span> <span class='ocrx_word' id='word_1_12' title='bbox 810 1715 854 1763; x_wconf 82' lang='grc' dir='ltr'>το</span> <span class='ocrx_word' id='word_1_13' title='bbox 878 1697 992 1764; x_wconf 76' lang='lat' dir='ltr'>snos</span> <span class='ocrx_word' id='word_1_14' title='bbox 1014 1715 1062 1762; x_wconf 82' lang='lat' dir='ltr'>nn</span> <span class='ocrx_word' id='word_1_15' title='bbox 1085 1700 1287 1778; x_wconf 72' lang='lat' dir='ltr'>Mommsen,</span> <span class='ocrx_word' id='word_1_16' title='bbox 1311 1704 1408 1768; x_wconf 74' lang='lat' dir='ltr'>Emi</span> <span class='ocrx_word' id='word_1_17' title='bbox 1431 1722 1474 1767; x_wconf 79' lang='lat' dir='ltr'>on</span> 
     </span>
     <span class='ocr_line' id='line_1_4' title="bbox 926 1801 1124 1868; baseline 0.015 -3"><span class='ocrx_word' id='word_1_18' title='bbox 926 1801 1124 1868; x_wconf 76' lang='lat' dir='ltr'>mensma</span> 
     </span>
    </p>
   </div>
   <div class='ocr_carea' id='block_1_4' title="bbox 776 1959 1265 2026">
    <p class='ocr_par' dir='ltr' id='par_1_4' title="bbox 776 1959 1265 2026">
     <span class='ocr_line' id='line_1_5' title="bbox 776 1959 1265 2026; baseline 0.01 -17"><span class='ocrx_word' id='word_1_19' title='bbox 776 1959 848 2023; x_wconf 83' lang='lat' dir='ltr'>(Rot.</span> <span class='ocrx_word' id='word_1_20' title='bbox 860 1959 917 2010; x_wconf 71' lang='lat' dir='ltr'>Pas.</span> <span class='ocrx_word' id='word_1_21' title='bbox 929 1965 962 2009; x_wconf 82' lang='lat'>³4</span> <span class='ocrx_word' id='word_1_22' title='bbox 974 1959 1041 2013; x_wconf 88' lang='lat' dir='ltr'>Hen.</span> <span class='ocrx_word' id='word_1_23' title='bbox 1053 1960 1112 2024; x_wconf 69' lang='lat'>111„</span> <span class='ocrx_word' id='word_1_24' title='bbox 1123 1962 1214 2012; x_wconf 85' lang='lat' dir='ltr'>memb.</span> <span class='ocrx_word' id='word_1_25' title='bbox 1228 1963 1265 2026; x_wconf 87' lang='grc'>9.)</span> 
     </span>
    </p>
   </div>
   <div class='ocr_carea' id='block_1_5' title="bbox 435 2096 1703 4741">
    <p class='ocr_par' dir='ltr' id='par_1_5' title="bbox 435 2096 1703 4741">
     <span class='ocr_line' id='line_1_6' title="bbox 455 2096 1671 2180; baseline 0.003 -18"><span class='ocrx_word' id='word_1_26' title='bbox 455 2122 459 2131; x_wconf 92' lang='grc'><strong><em>·</em></strong></span> <span class='ocrx_word' id='word_1_27' title='bbox 538 2096 612 2162; x_wconf 81' lang='lat' dir='ltr'>Rex</span> <span class='ocrx_word' id='word_1_28' title='bbox 647 2096 767 2163; x_wconf 87' lang='lat' dir='ltr'>dilecto</span> <span class='ocrx_word' id='word_1_29' title='bbox 799 2101 834 2163; x_wconf 90' lang='lat' dir='ltr'>et</span> <span class='ocrx_word' id='word_1_30' title='bbox 864 2097 963 2162; x_wconf 86' lang='lat' dir='ltr'>fidelo</span> <span class='ocrx_word' id='word_1_31' title='bbox 990 2121 1049 2164; x_wconf 87' lang='lat' dir='ltr'>suo</span> <span class='ocrx_word' id='word_1_32' title='bbox 1082 2098 1209 2165; x_wconf 86' lang='lat' dir='ltr'>Simoni</span> <span class='ocrx_word' id='word_1_33' title='bbox 1240 2100 1280 2165; x_wconf 91' lang='lat' dir='ltr'>de</span> <span class='ocrx_word' id='word_1_34' title='bbox 1305 2099 1419 2166; x_wconf 86' lang='lat' dir='ltr'>Monte</span> <span class='ocrx_word' id='word_1_35' title='bbox 1443 2099 1545 2180; x_wconf 81' lang='lat' dir='ltr'>Forti,</span> <span class='ocrx_word' id='word_1_36' title='bbox 1561 2125 1627 2179; x_wconf 80' lang='lat' dir='ltr'>Nov.</span> <span class='ocrx_word' id='word_1_37' title='bbox 1640 2134 1671 2180; x_wconf 70' lang='lat'>23</span> 
     </span>
     <span class='ocr_line' id='line_1_7' title="bbox 498 2198 1634 2277; baseline -0.001 -12"><span class='ocrx_word' id='word_1_38' title='bbox 498 2198 606 2265; x_wconf 88' lang='lat' dir='ltr'>comiti</span> <span class='ocrx_word' id='word_1_39' title='bbox 630 2198 822 2277; x_wconf 67' lang='lat' dir='ltr'>Isicestriae,</span> <span class='ocrx_word' id='word_1_40' title='bbox 837 2200 985 2266; x_wconf 67' lang='lat' dir='ltr'>satutem.</span> <span class='ocrx_word' id='word_1_41' title='bbox 1563 2199 1634 2246; x_wconf 75' lang='lat'><strong>¹2⁴⁹·</strong></span> 
     </span>
     <span class='ocr_line' id='line_1_8' title="bbox 537 2300 1703 2391; baseline 0.002 -24"><span class='ocrx_word' id='word_1_42' title='bbox 537 2300 660 2367; x_wconf 85' lang='lat' dir='ltr'>Sciatis</span> <span class='ocrx_word' id='word_1_43' title='bbox 697 2302 785 2389; x_wconf 90' lang='lat' dir='ltr'>quod</span> <span class='ocrx_word' id='word_1_44' title='bbox 826 2303 977 2368; x_wconf 80' lang='lat' dir='ltr'><strong>dedimus</strong></span> <span class='ocrx_word' id='word_1_45' title='bbox 1015 2302 1181 2369; x_wconf 77' lang='lat' dir='ltr'>Eduardo</span> <span class='ocrx_word' id='word_1_46' title='bbox 1219 2303 1440 2391; x_wconf 82' lang='lat' dir='ltr'>primogenito</span> <span class='ocrx_word' id='word_1_47' title='bbox 1477 2304 1548 2371; x_wconf 88' lang='lat' dir='ltr'>filio</span> <span class='ocrx_word' id='word_1_48' title='bbox 1561 2313 1703 2382; x_wconf 81' lang='lat' dir='ltr'>Applytho</span> 
     </span>
     <span class='ocr_line' id='line_1_9' title="bbox 498 2397 1698 2501; baseline 0.002 -32"><span class='ocrx_word' id='word_1_49' title='bbox 498 2407 607 2470; x_wconf 88' lang='lat' dir='ltr'>nostro</span> <span class='ocrx_word' id='word_1_50' title='bbox 630 2408 737 2469; x_wconf 82' lang='lat' dir='ltr'>totam</span> <span class='ocrx_word' id='word_1_51' title='bbox 760 2410 883 2470; x_wconf 87' lang='lat' dir='ltr'>terram</span> <span class='ocrx_word' id='word_1_52' title='bbox 906 2408 1052 2469; x_wconf 85' lang='lat' dir='ltr'>nostram</span> <span class='ocrx_word' id='word_1_53' title='bbox 1077 2405 1283 2486; x_wconf 80' lang='lat' dir='ltr'>Wasconiae;</span> <span class='ocrx_word' id='word_1_54' title='bbox 1308 2412 1342 2471; x_wconf 92' lang='lat' dir='ltr'>ot</span> <span class='ocrx_word' id='word_1_55' title='bbox 1372 2407 1415 2471; x_wconf 91' lang='lat' dir='ltr'>ad</span> <span class='ocrx_word' id='word_1_56' title='bbox 1442 2407 1547 2493; x_wconf 86' lang='lat' dir='ltr'>ipsam</span> <span class='ocrx_word' id='word_1_57' title='bbox 1560 2397 1698 2501; x_wconf 56' lang='lat' dir='ltr'>{efvffiffid</span> 
     </span>
     <span class='ocr_line' id='line_1_10' title="bbox 498 2507 1701 2584; baseline 0.002 -11"><span class='ocrx_word' id='word_1_58' title='bbox 498 2514 616 2573; x_wconf 79' lang='lat' dir='ltr'>teriam</span> <span class='ocrx_word' id='word_1_59' title='bbox 648 2507 845 2571; x_wconf 81' lang='lat' dir='ltr'>fiimandam</span> <span class='ocrx_word' id='word_1_60' title='bbox 883 2512 918 2572; x_wconf 89' lang='lat' dir='ltr'>ot</span> <span class='ocrx_word' id='word_1_61' title='bbox 954 2507 1215 2572; x_wconf 87' lang='lat' dir='ltr'>conservandam</span> <span class='ocrx_word' id='word_1_62' title='bbox 1253 2507 1404 2574; x_wconf 83' lang='lat' dir='ltr'>dedimus</span> <span class='ocrx_word' id='word_1_63' title='bbox 1441 2510 1547 2577; x_wconf 89' lang='lat' dir='ltr'>eidem</span> <span class='ocrx_word' id='word_1_64' title='bbox 1560 2524 1587 2565; x_wconf 87' lang='lat' dir='ltr'>to</span> <span class='ocrx_word' id='word_1_65' title='bbox 1598 2518 1701 2584; x_wconf 74' lang='lat' dir='ltr'>making</span> 
     </span>
     <span class='ocr_line' id='line_1_11' title="bbox 498 2582 1677 2699; baseline 0.002 -26"><span class='ocrx_word' id='word_1_66' title='bbox 498 2608 660 2675; x_wconf 85' lang='lat' dir='ltr'>Edwardo</span> <span class='ocrx_word' id='word_1_67' title='bbox 698 2608 903 2674; x_wconf 90' lang='lat' dir='ltr'>omnimodos</span> <span class='ocrx_word' id='word_1_68' title='bbox 941 2609 1050 2675; x_wconf 86' lang='lat' dir='ltr'>exitus</span> <span class='ocrx_word' id='word_1_69' title='bbox 1096 2610 1327 2697; x_wconf 88' lang='lat' dir='ltr'>provenientes</span> <span class='ocrx_word' id='word_1_70' title='bbox 1373 2610 1413 2677; x_wconf 89' lang='lat' dir='ltr'>de</span> <span class='ocrx_word' id='word_1_71' title='bbox 1459 2616 1548 2677; x_wconf 88' lang='lat' dir='ltr'>terra</span> <span class='ocrx_word' id='word_1_72' title='bbox 1559 2582 1636 2699; x_wconf 48' lang='grc' dir='ltr'>ἓξὲξ</span> <span class='ocrx_word' id='word_1_73' title='bbox 1637 2600 1677 2698; x_wconf 64' lang='grc' dir='ltr'>ξζ</span> 
     </span>
     <span class='ocr_line' id='line_1_12' title="bbox 496 2710 1687 2799; baseline 0.006 -24"><span class='ocrx_word' id='word_1_74' title='bbox 496 2717 607 2776; x_wconf 84' lang='lat' dir='ltr'>nostra</span> <span class='ocrx_word' id='word_1_75' title='bbox 630 2710 811 2787; x_wconf 82' lang='lat' dir='ltr'>Hiberniae,</span> <span class='ocrx_word' id='word_1_76' title='bbox 833 2733 854 2775; x_wconf 89' lang='lat' dir='ltr'>a</span> <span class='ocrx_word' id='word_1_77' title='bbox 876 2712 1018 2776; x_wconf 88' lang='lat' dir='ltr'>termino</span> <span class='ocrx_word' id='word_1_78' title='bbox 1042 2712 1074 2777; x_wconf 80' lang='lat' dir='ltr'>S.</span> <span class='ocrx_word' id='word_1_79' title='bbox 1099 2711 1270 2777; x_wconf 83' lang='lat' dir='ltr'>Michaelis</span> <span class='ocrx_word' id='word_1_80' title='bbox 1292 2712 1442 2799; x_wconf 82' lang='lat' dir='ltr'>proxime</span> <span class='ocrx_word' id='word_1_81' title='bbox 1465 2715 1687 2798; x_wconf 59' lang='lat' dir='ltr'>prce-Gemi·</span> 
     </span>
     <span class='ocr_line' id='line_1_13' title="bbox 496 2812 1547 2900; baseline 0.001 -21"><span class='ocrx_word' id='word_1_82' title='bbox 496 2814 601 2891; x_wconf 90' lang='lat' dir='ltr'>terito,</span> <span class='ocrx_word' id='word_1_83' title='bbox 634 2833 721 2876; x_wconf 89' lang='lat' dir='ltr'>anno</span> <span class='ocrx_word' id='word_1_84' title='bbox 755 2812 880 2878; x_wconf 83' lang='lat' dir='ltr'>sciiioet</span> <span class='ocrx_word' id='word_1_85' title='bbox 913 2814 1007 2900; x_wconf 84' lang='lat' dir='ltr'>regni</span> <span class='ocrx_word' id='word_1_86' title='bbox 1038 2814 1145 2877; x_wconf 87' lang='lat' dir='ltr'>nostri</span> <span class='ocrx_word' id='word_1_87' title='bbox 1177 2812 1342 2879; x_wconf 88' lang='lat' dir='ltr'>tricesimo</span> <span class='ocrx_word' id='word_1_88' title='bbox 1377 2815 1486 2892; x_wconf 85' lang='lat' dir='ltr'>tertio,</span> <span class='ocrx_word' id='word_1_89' title='bbox 1511 2817 1547 2880; x_wconf 93' lang='lat' dir='ltr'>in</span> 
     </span>
     <span class='ocr_line' id='line_1_14' title="bbox 496 2914 1548 2998; baseline 0.003 -18"><span class='ocrx_word' id='word_1_90' title='bbox 496 2915 575 2980; x_wconf 88' lang='lat' dir='ltr'>duos</span> <span class='ocrx_word' id='word_1_91' title='bbox 596 2934 702 2979; x_wconf 85' lang='lat' dir='ltr'>annos</span> <span class='ocrx_word' id='word_1_92' title='bbox 724 2914 879 2979; x_wconf 74' lang='lat' dir='ltr'>continue</span> <span class='ocrx_word' id='word_1_93' title='bbox 903 2919 1083 2998; x_wconf 74' lang='lat' dir='ltr'>sequentes.</span> <span class='ocrx_word' id='word_1_94' title='bbox 1121 2915 1167 2980; x_wconf 87' lang='lat' dir='ltr'>Et</span> <span class='ocrx_word' id='word_1_95' title='bbox 1182 2916 1413 2980; x_wconf 77' lang='lat' dir='ltr'>mandavimus</span> <span class='ocrx_word' id='word_1_96' title='bbox 1429 2916 1548 2983; x_wconf 85' lang='lat' dir='ltr'>dilecto</span> 
     </span>
     <span class='ocr_line' id='line_1_15' title="bbox 495 3015 1547 3104; baseline 0.002 -22"><span class='ocrx_word' id='word_1_97' title='bbox 495 3022 526 3082; x_wconf 85' lang='lat' dir='ltr'>et</span> <span class='ocrx_word' id='word_1_98' title='bbox 563 3015 657 3082; x_wconf 89' lang='lat' dir='ltr'>fideli</span> <span class='ocrx_word' id='word_1_99' title='bbox 688 3023 801 3081; x_wconf 87' lang='lat' dir='ltr'>nostro</span> <span class='ocrx_word' id='word_1_100' title='bbox 839 3016 1017 3102; x_wconf 82' lang='lat' dir='ltr'>J[ohonni]</span> <span class='ocrx_word' id='word_1_101' title='bbox 1057 3016 1141 3081; x_wconf 83' lang='lat' dir='ltr'>Filio</span> <span class='ocrx_word' id='word_1_102' title='bbox 1181 3016 1332 3097; x_wconf 83' lang='lat' dir='ltr'>Galfiidi,</span> <span class='ocrx_word' id='word_1_103' title='bbox 1361 3019 1547 3104; x_wconf 88' lang='lat' dir='ltr'>justiciario</span> 
     </span>
     <span class='ocr_line' id='line_1_16' title="bbox 494 3118 1546 3207; baseline 0.001 -23"><span class='ocrx_word' id='word_1_104' title='bbox 494 3123 606 3184; x_wconf 84' lang='lat' dir='ltr'>nostro</span> <span class='ocrx_word' id='word_1_105' title='bbox 629 3118 810 3196; x_wconf 76' lang='lat' dir='ltr'>Hiberniae,</span> <span class='ocrx_word' id='word_1_106' title='bbox 832 3118 922 3202; x_wconf 95' lang='lat' dir='ltr'>quod</span> <span class='ocrx_word' id='word_1_107' title='bbox 956 3118 1159 3183; x_wconf 92' lang='lat' dir='ltr'>omnimodos</span> <span class='ocrx_word' id='word_1_108' title='bbox 1188 3123 1370 3205; x_wconf 85' lang='lat' dir='ltr'>proventus</span> <span class='ocrx_word' id='word_1_109' title='bbox 1399 3121 1441 3184; x_wconf 89' lang='lat' dir='ltr'>de</span> <span class='ocrx_word' id='word_1_110' title='bbox 1464 3143 1546 3207; x_wconf 78' lang='lat' dir='ltr'>prm-</span> 
     </span>
     <span class='ocr_line' id='line_1_17' title="bbox 493 3219 1547 3307; baseline -0.001 -20"><span class='ocrx_word' id='word_1_111' title='bbox 493 3222 561 3287; x_wconf 81' lang='lat' dir='ltr'>futa</span> <span class='ocrx_word' id='word_1_112' title='bbox 594 3224 684 3286; x_wconf 86' lang='lat' dir='ltr'>terra</span> <span class='ocrx_word' id='word_1_113' title='bbox 715 3224 828 3284; x_wconf 86' lang='lat' dir='ltr'>nostra</span> <span class='ocrx_word' id='word_1_114' title='bbox 860 3219 1033 3285; x_wconf 81' lang='lat' dir='ltr'>Hiberniae</span> <span class='ocrx_word' id='word_1_115' title='bbox 1064 3242 1121 3306; x_wconf 94' lang='lat' dir='ltr'>per</span> <span class='ocrx_word' id='word_1_116' title='bbox 1153 3220 1329 3307; x_wconf 78' lang='lat' dir='ltr'>praefatum</span> <span class='ocrx_word' id='word_1_117' title='bbox 1360 3222 1547 3302; x_wconf 89' lang='lat' dir='ltr'>terminum,</span> 
     </span>
     <span class='ocr_line' id='line_1_18' title="bbox 493 3321 1548 3409; baseline -0.002 -19"><span class='ocrx_word' id='word_1_118' title='bbox 493 3329 562 3390; x_wconf 86' lang='lat' dir='ltr'>tam</span> <span class='ocrx_word' id='word_1_119' title='bbox 593 3323 635 3388; x_wconf 89' lang='lat' dir='ltr'>de</span> <span class='ocrx_word' id='word_1_120' title='bbox 668 3321 861 3400; x_wconf 90' lang='lat' dir='ltr'>redditibus,</span> <span class='ocrx_word' id='word_1_121' title='bbox 885 3322 1015 3402; x_wconf 82' lang='lat' dir='ltr'>wardis,</span> <span class='ocrx_word' id='word_1_122' title='bbox 1040 3323 1185 3401; x_wconf 73' lang='lat' dir='ltr'>essaeus,</span> <span class='ocrx_word' id='word_1_123' title='bbox 1211 3345 1310 3409; x_wconf 88' lang='lat' dir='ltr'>quam</span> <span class='ocrx_word' id='word_1_124' title='bbox 1333 3324 1373 3387; x_wconf 90' lang='lat' dir='ltr'>de</span> <span class='ocrx_word' id='word_1_125' title='bbox 1396 3323 1548 3389; x_wconf 87' lang='lat' dir='ltr'>omnibus</span> 
     </span>
     <span class='ocr_line' id='line_1_19' title="bbox 492 3423 1549 3505; baseline -0.004 -13"><span class='ocrx_word' id='word_1_126' title='bbox 492 3427 574 3505; x_wconf 80' lang='lat' dir='ltr'>aliis,</span> <span class='ocrx_word' id='word_1_127' title='bbox 615 3423 735 3490; x_wconf 86' lang='lat' dir='ltr'>habere</span> <span class='ocrx_word' id='word_1_128' title='bbox 773 3423 873 3489; x_wconf 82' lang='lat' dir='ltr'>faciat</span> <span class='ocrx_word' id='word_1_129' title='bbox 909 3424 1004 3489; x_wconf 89' lang='lat' dir='ltr'>vobis</span> <span class='ocrx_word' id='word_1_130' title='bbox 1043 3425 1086 3488; x_wconf 89' lang='lat' dir='ltr'>ad</span> <span class='ocrx_word' id='word_1_131' title='bbox 1124 3423 1327 3489; x_wconf 80' lang='lat' dir='ltr'>munitiones</span> <span class='ocrx_word' id='word_1_132' title='bbox 1369 3429 1403 3490; x_wconf 89' lang='lat' dir='ltr'>ot</span> <span class='ocrx_word' id='word_1_133' title='bbox 1441 3431 1549 3490; x_wconf 87' lang='lat' dir='ltr'>castra</span> 
     </span>
     <span class='ocr_line' id='line_1_20' title="bbox 492 3525 1548 3613; baseline -0.002 -20"><span class='ocrx_word' id='word_1_134' title='bbox 492 3527 642 3593; x_wconf 84' lang='lat' dir='ltr'>facienda</span> <span class='ocrx_word' id='word_1_135' title='bbox 676 3525 713 3590; x_wconf 92' lang='lat' dir='ltr'>in</span> <span class='ocrx_word' id='word_1_136' title='bbox 745 3525 883 3613; x_wconf 79' lang='lat' dir='ltr'>praefata</span> <span class='ocrx_word' id='word_1_137' title='bbox 916 3529 1006 3590; x_wconf 86' lang='lat' dir='ltr'>terra</span> <span class='ocrx_word' id='word_1_138' title='bbox 1028 3525 1221 3592; x_wconf 81' lang='lat' dir='ltr'>Wasconim.</span> <span class='ocrx_word' id='word_1_139' title='bbox 1268 3526 1314 3590; x_wconf 87' lang='lat' dir='ltr'>Et</span> <span class='ocrx_word' id='word_1_140' title='bbox 1348 3526 1422 3590; x_wconf 90' lang='lat' dir='ltr'>ideo</span> <span class='ocrx_word' id='word_1_141' title='bbox 1453 3526 1548 3591; x_wconf 88' lang='lat' dir='ltr'>vobis</span> 
     </span>
     <span class='ocr_line' id='line_1_21' title="bbox 492 3628 1548 3716; baseline 0 -21"><span class='ocrx_word' id='word_1_142' title='bbox 492 3630 690 3695; x_wconf 87' lang='lat' dir='ltr'>mandamus</span> <span class='ocrx_word' id='word_1_143' title='bbox 713 3628 802 3715; x_wconf 89' lang='lat' dir='ltr'>quod</span> <span class='ocrx_word' id='word_1_144' title='bbox 825 3628 967 3714; x_wconf 86' lang='lat' dir='ltr'>acceptis</span> <span class='ocrx_word' id='word_1_145' title='bbox 989 3628 1208 3715; x_wconf 74' lang='lat' dir='ltr'>proventibus</span> <span class='ocrx_word' id='word_1_146' title='bbox 1230 3628 1399 3715; x_wconf 67' lang='lat' dir='ltr'>praedictis</span> <span class='ocrx_word' id='word_1_147' title='bbox 1422 3651 1442 3693; x_wconf 84' lang='lat' dir='ltr'>a</span> <span class='ocrx_word' id='word_1_148' title='bbox 1465 3652 1548 3716; x_wconf 85' lang='lat' dir='ltr'>prae·</span> 
     </span>
     <span class='ocr_line' id='line_1_22' title="bbox 493 3730 1548 3819; baseline -0.001 -21"><span class='ocrx_word' id='word_1_149' title='bbox 493 3733 581 3798; x_wconf 89' lang='lat' dir='ltr'>dicto</span> <span class='ocrx_word' id='word_1_150' title='bbox 616 3730 802 3819; x_wconf 86' lang='lat' dir='ltr'>justiciario</span> <span class='ocrx_word' id='word_1_151' title='bbox 840 3734 963 3809; x_wconf 89' lang='lat' dir='ltr'>nostro,</span> <span class='ocrx_word' id='word_1_152' title='bbox 996 3731 1081 3794; x_wconf 87' lang='lat' dir='ltr'>sicut</span> <span class='ocrx_word' id='word_1_153' title='bbox 1113 3730 1143 3793; x_wconf 93' lang='lat' dir='ltr'>ei</span> <span class='ocrx_word' id='word_1_154' title='bbox 1178 3753 1236 3817; x_wconf 87' lang='lat' dir='ltr'>per</span> <span class='ocrx_word' id='word_1_155' title='bbox 1270 3730 1383 3796; x_wconf 85' lang='lat' dir='ltr'>literas</span> <span class='ocrx_word' id='word_1_156' title='bbox 1417 3737 1548 3797; x_wconf 83' lang='lat' dir='ltr'>nostras</span> 
     </span>
     <span class='ocr_line' id='line_1_23' title="bbox 492 3831 1549 3923; baseline -0.001 -23"><span class='ocrx_word' id='word_1_157' title='bbox 492 3837 646 3923; x_wconf 84' lang='lat' dir='ltr'>patentes</span> <span class='ocrx_word' id='word_1_158' title='bbox 669 3832 909 3912; x_wconf 80' lang='lat' dir='ltr'>mandavimus,</span> <span class='ocrx_word' id='word_1_159' title='bbox 932 3831 1011 3896; x_wconf 90' lang='lat' dir='ltr'>indo</span> <span class='ocrx_word' id='word_1_160' title='bbox 1039 3831 1112 3895; x_wconf 90' lang='lat' dir='ltr'>fieri</span> <span class='ocrx_word' id='word_1_161' title='bbox 1139 3831 1267 3897; x_wconf 86' lang='lat' dir='ltr'>faciatis</span> <span class='ocrx_word' id='word_1_162' title='bbox 1290 3832 1491 3897; x_wconf 87' lang='lat' dir='ltr'>munitiones</span> <span class='ocrx_word' id='word_1_163' title='bbox 1515 3838 1549 3899; x_wconf 87' lang='lat' dir='ltr'>et</span> 
     </span>
     <span class='ocr_line' id='line_1_24' title="bbox 493 3933 1549 4021; baseline -0.004 -18"><span class='ocrx_word' id='word_1_164' title='bbox 493 3943 609 4015; x_wconf 83' lang='lat' dir='ltr'>eastra,</span> <span class='ocrx_word' id='word_1_165' title='bbox 632 3935 711 4001; x_wconf 88' lang='lat' dir='ltr'>locis</span> <span class='ocrx_word' id='word_1_166' title='bbox 727 3935 846 4021; x_wconf 89' lang='lat' dir='ltr'>quibus</span> <span class='ocrx_word' id='word_1_167' title='bbox 869 3934 986 3998; x_wconf 89' lang='lat' dir='ltr'>melius</span> <span class='ocrx_word' id='word_1_168' title='bbox 1009 3933 1162 3999; x_wconf 86' lang='lat' dir='ltr'>videritis</span> <span class='ocrx_word' id='word_1_169' title='bbox 1185 3935 1347 4021; x_wconf 81' lang='lat' dir='ltr'>expedire,</span> <span class='ocrx_word' id='word_1_170' title='bbox 1363 3935 1407 4000; x_wconf 83' lang='lat' dir='ltr'>ad</span> <span class='ocrx_word' id='word_1_171' title='bbox 1429 3936 1549 4000; x_wconf 86' lang='lat' dir='ltr'>securi·</span> 
     </span>
     <span class='ocr_line' id='line_1_25' title="bbox 493 4036 1548 4122; baseline -0.004 -16"><span class='ocrx_word' id='word_1_172' title='bbox 493 4043 598 4106; x_wconf 77' lang='lat' dir='ltr'>tutem</span> <span class='ocrx_word' id='word_1_173' title='bbox 636 4044 670 4103; x_wconf 89' lang='lat' dir='ltr'>et</span> <span class='ocrx_word' id='word_1_174' title='bbox 704 4037 987 4102; x_wconf 82' lang='lat' dir='ltr'>conservationem</span> <span class='ocrx_word' id='word_1_175' title='bbox 1021 4039 1118 4101; x_wconf 77' lang='lat' dir='ltr'>teinae</span> <span class='ocrx_word' id='word_1_176' title='bbox 1151 4036 1318 4122; x_wconf 69' lang='lat' dir='ltr'>praedictae</span> <span class='ocrx_word' id='word_1_177' title='bbox 1357 4036 1548 4102; x_wconf 83' lang='lat' dir='ltr'>Wasconise.</span> 
     </span>
     <span class='ocr_line' id='line_1_26' title="bbox 492 4137 1547 4227; baseline -0.006 -20"><span class='ocrx_word' id='word_1_178' title='bbox 492 4140 656 4207; x_wconf 84' lang='lat' dir='ltr'>Volumus</span> <span class='ocrx_word' id='word_1_179' title='bbox 689 4138 790 4205; x_wconf 86' lang='lat' dir='ltr'>etiam</span> <span class='ocrx_word' id='word_1_180' title='bbox 822 4161 879 4227; x_wconf 87' lang='lat' dir='ltr'>per</span> <span class='ocrx_word' id='word_1_181' title='bbox 913 4137 1107 4224; x_wconf 74' lang='lat' dir='ltr'>praedictum</span> <span class='ocrx_word' id='word_1_182' title='bbox 1133 4138 1356 4222; x_wconf 85' lang='lat' dir='ltr'>justiciarium</span> <span class='ocrx_word' id='word_1_183' title='bbox 1379 4138 1547 4203; x_wconf 86' lang='lat' dir='ltr'>certiorari</span> 
     </span>
     <span class='ocr_line' id='line_1_27' title="bbox 435 4239 1549 4330; baseline -0.002 -23"><span class='ocrx_word' id='word_1_184' title='bbox 435 4274 440 4281; x_wconf 91' lang='lat'>·</span> <span class='ocrx_word' id='word_1_185' title='bbox 494 4243 575 4330; x_wconf 91' lang='lat' dir='ltr'>quid</span> <span class='ocrx_word' id='word_1_186' title='bbox 608 4246 643 4307; x_wconf 87' lang='lat' dir='ltr'>et</span> <span class='ocrx_word' id='word_1_187' title='bbox 675 4247 836 4328; x_wconf 87' lang='lat' dir='ltr'>quantum</span> <span class='ocrx_word' id='word_1_188' title='bbox 872 4241 914 4304; x_wconf 87' lang='lat' dir='ltr'>ad</span> <span class='ocrx_word' id='word_1_189' title='bbox 949 4262 987 4305; x_wconf 87' lang='lat' dir='ltr'>ea</span> <span class='ocrx_word' id='word_1_190' title='bbox 1020 4239 1170 4305; x_wconf 85' lang='lat' dir='ltr'>facienda</span> <span class='ocrx_word' id='word_1_191' title='bbox 1201 4240 1242 4305; x_wconf 90' lang='lat' dir='ltr'>de</span> <span class='ocrx_word' id='word_1_192' title='bbox 1273 4239 1430 4327; x_wconf 83' lang='lat' dir='ltr'>praedicta</span> <span class='ocrx_word' id='word_1_193' title='bbox 1460 4245 1549 4305; x_wconf 86' lang='lat' dir='ltr'>terra</span> 
     </span>
     <span class='ocr_line' id='line_1_28' title="bbox 495 4341 1546 4429; baseline -0.004 -18"><span class='ocrx_word' id='word_1_194' title='bbox 495 4344 666 4411; x_wconf 68' lang='lat' dir='ltr'>Hiberniae</span> <span class='ocrx_word' id='word_1_195' title='bbox 708 4344 804 4410; x_wconf 89' lang='lat' dir='ltr'>vobis</span> <span class='ocrx_word' id='word_1_196' title='bbox 850 4343 1050 4408; x_wconf 88' lang='lat' dir='ltr'>liberaverit.</span> <span class='ocrx_word' id='word_1_197' title='bbox 1112 4342 1180 4407; x_wconf 86' lang='lat' dir='ltr'>Vos</span> <span class='ocrx_word' id='word_1_198' title='bbox 1219 4342 1323 4429; x_wconf 84' lang='lat' dir='ltr'>igitur</span> <span class='ocrx_word' id='word_1_199' title='bbox 1360 4341 1461 4407; x_wconf 84' lang='lat' dir='ltr'>talem</span> <span class='ocrx_word' id='word_1_200' title='bbox 1504 4343 1546 4407; x_wconf 84' lang='lat' dir='ltr'>ad</span> 
     </span>
     <span class='ocr_line' id='line_1_29' title="bbox 493 4444 1548 4535; baseline -0.004 -21"><span class='ocrx_word' id='word_1_201' title='bbox 493 4447 653 4535; x_wconf 72' lang='lat' dir='ltr'>praedicta</span> <span class='ocrx_word' id='word_1_202' title='bbox 666 4445 817 4512; x_wconf 83' lang='lat' dir='ltr'>socienda</span> <span class='ocrx_word' id='word_1_203' title='bbox 840 4444 1046 4532; x_wconf 76' lang='lat' dir='ltr'>diligentiam</span> <span class='ocrx_word' id='word_1_204' title='bbox 1062 4444 1258 4525; x_wconf 89' lang='lat' dir='ltr'>adhibeatis,</span> <span class='ocrx_word' id='word_1_205' title='bbox 1276 4444 1364 4529; x_wconf 92' lang='lat' dir='ltr'>quod</span> <span class='ocrx_word' id='word_1_206' title='bbox 1379 4447 1548 4531; x_wconf 80' lang='lat' dir='ltr'>perpetuis</span> 
     </span>
     <span class='ocr_line' id='line_1_30' title="bbox 494 4545 1548 4637; baseline -0.005 -21"><span class='ocrx_word' id='word_1_207' title='bbox 494 4549 699 4637; x_wconf 91' lang='lat' dir='ltr'>temporibus</span> <span class='ocrx_word' id='word_1_208' title='bbox 733 4548 853 4613; x_wconf 83' lang='lat' dir='ltr'>exinde</span> <span class='ocrx_word' id='word_1_209' title='bbox 887 4548 1034 4611; x_wconf 87' lang='lat' dir='ltr'>debeatis</span> <span class='ocrx_word' id='word_1_210' title='bbox 1066 4546 1184 4609; x_wconf 87' lang='lat' dir='ltr'>merito</span> <span class='ocrx_word' id='word_1_211' title='bbox 1216 4545 1443 4611; x_wconf 72' lang='lat' dir='ltr'>commendam.</span> <span class='ocrx_word' id='word_1_212' title='bbox 1505 4547 1548 4611; x_wconf 92' lang='lat' dir='ltr'>In</span> 
     </span>
     <span class='ocr_line' id='line_1_31' title="bbox 494 4646 1547 4741; baseline -0.005 -22"><span class='ocrx_word' id='word_1_213' title='bbox 494 4653 596 4741; x_wconf 70' lang='lat' dir='ltr'>cujus</span> <span class='ocrx_word' id='word_1_214' title='bbox 619 4656 678 4718; x_wconf 88' lang='lat' dir='ltr'>eto.</span> <span class='ocrx_word' id='word_1_215' title='bbox 711 4651 822 4737; x_wconf 89' lang='lat' dir='ltr'>[Teste</span> <span class='ocrx_word' id='word_1_216' title='bbox 845 4672 920 4737; x_wconf 82' lang='lat' dir='ltr'>rege</span> <span class='ocrx_word' id='word_1_217' title='bbox 943 4649 1031 4735; x_wconf 88' lang='lat' dir='ltr'>apud</span> <span class='ocrx_word' id='word_1_218' title='bbox 1048 4646 1243 4729; x_wconf 84' lang='lat' dir='ltr'>Clarend0n‚</span> <span class='ocrx_word' id='word_1_219' title='bbox 1260 4648 1416 4714; x_wconf 87' lang='lat' dir='ltr'>vicesimo</span> <span class='ocrx_word' id='word_1_220' title='bbox 1431 4654 1547 4714; x_wconf 86' lang='lat' dir='ltr'>octavo</span> 
     </span>
    </p>
   </div>
   <div class='ocr_carea' id='block_1_6' title="bbox 496 4754 795 4837">
    <p class='ocr_par' dir='ltr' id='par_1_6' title="bbox 496 4754 795 4837">
     <span class='ocr_line' id='line_1_32' title="bbox 496 4754 795 4837; baseline -0.017 -15"><span class='ocrx_word' id='word_1_221' title='bbox 496 4758 548 4823; x_wconf 87' lang='lat' dir='ltr'>die</span> <span class='ocrx_word' id='word_1_222' title='bbox 571 4754 795 4837; x_wconf 69' lang='lat' dir='ltr'>Novem-sis]</span> 
     </span>
    </p>
   </div>
   <div class='ocr_carea' id='block_1_7' title="bbox 0 0 2180 6438">
    <p class='ocr_par' dir='ltr' id='par_1_7' title="bbox 0 0 2180 6438">
     <span class='ocr_line' id='line_1_33' title="bbox 0 0 2180 6438; baseline 0 0"><span class='ocrx_word' id='word_1_223' title='bbox 0 0 2180 6438; x_wconf 95' lang='lat' dir='ltr'> </span> 
     </span>
    </p>
   </div>
  </div>
 </body>
</html>
