4350 6442
606 1187 671 1257 274
761 1202 876 1252 ROYAL
898 1203 972 1251 ΛΝΒ
994 1204 1110 1252 ΟΤΗΕΒ
1133 1197 1339 1252 fflsuomcst
1363 1203 1514 1254 amm

441 1375 514 1453 waes
528 1378 730 1452 tun-habent
751 1378 788 1442 in
810 1377 933 1466 Anglia
954 1400 1022 1443 non
1045 1379 1172 1464 possint
1203 1378 1365 1444 adduoeie
1396 1380 1434 1443 in
1469 1377 1657 1444 Flandriam

440 1442 575 1559 ffliilff
607 1480 773 1546 commode
811 1486 846 1546 et
883 1501 1001 1560 secure,
1040 1480 1301 1546 dominationem
1339 1486 1486 1547 vestram
1524 1480 1660 1546 attentis

608 1582 758 1669 precibus
779 1583 934 1669 deprecor
955 1588 990 1648 et
1011 1584 1151 1668 requiro,
1175 1590 1338 1669 quatenus
1367 1583 1497 1650 intuitu
1521 1582 1661 1669 justitia

609 1691 644 1751 et
666 1686 806 1752 obtentu
836 1707 969 1772 precum
1002 1707 1150 1751 mearum
1179 1684 1297 1770 jubere
1330 1685 1413 1751 velit
1443 1690 1559 1751 vestra
1591 1684 1665 1750 sub·

609 1788 734 1855 limitas
770 1794 805 1854 et
838 1788 943 1854 faeere
977 1790 1067 1874 quod
1101 1788 1182 1854 dieti
1216 1793 1420 1865 mematorea
1454 1809 1530 1855 oum
1564 1807 1662 1873 regno

609 1890 767 1978 praedicto
821 1913 975 1978 prospera
1026 1892 1178 1958 suecedet
1226 1891 1462 1979 tranquillitas,
1507 1894 1663 1978 operante

610 1993 763 2074 Domino,
786 1999 826 2058 ut
850 1993 994 2061 affeeto¹
1017 2016 1091 2060 oum
1113 1996 1210 2061 bonis
1232 1996 1300 2061 suis
1329 1994 1500 2060 indemnes
1530 1993 1663 2058 valeant

609 2096 652 2160 ad
674 2096 809 2183 propria
830 2118 983 2175 remeare,
1007 2097 1123 2162 scituri
1146 2097 1235 2184 quod
1257 2102 1373 2185 gentes
1395 2096 1490 2184 regni
1512 2094 1663 2183 predicti

608 2198 644 2262 in
667 2204 755 2264 terra
778 2199 944 2266 Flandrise
968 2221 1041 2265 oum
1065 2200 1161 2266 bonis
1175 2201 1243 2265 suis
1265 2201 1366 2265 salvae
1389 2205 1468 2264 sunt
1483 2198 1611 2285 pariter
1632 2204 1664 2262 et

608 2322 739 2367 securae.
786 2300 943 2367 Ceterum
964 2301 1092 2368 Jacobo
1114 2303 1230 2369 clerieo
1245 2325 1317 2369 meo
1334 2303 1435 2369 latori
1450 2302 1662 2390 praesentium

609 2403 739 2468 eredere
760 2404 845 2469 velit
867 2410 978 2470 vestra
1000 2404 1158 2472 celsitudo
1181 2407 1273 2495 regia
1294 2427 1392 2493 super
1405 2404 1457 2470 his
1480 2426 1555 2492 quoe
1569 2403 1664 2471 vobis

609 2505 734 2571 dixerit
756 2505 797 2571 de
819 2507 1000 2592 praemissis

655 2608 781 2673 Datum
804 2630 892 2673 anno
915 2609 1051 2676 Domini
1074 2611 1249 2677 millesimo
1283 2610 1506 2677 dueentesimo
1531 2630 1664 2697 sexage-

610 2711 693 2774 simo
715 2716 842 2797 quarto,
865 2710 1040 2779 Dominica
1061 2718 1138 2800 post
1161 2713 1418 2780 Deeollutionem
1442 2714 1480 2780 B.
1501 2711 1664 2779 dohannis

612 2812 782 2899 Baptistae.

1040 3130 1247 3196 noxxvu.
1320 3111 1329 3131 '

611 3264 768 3332 Vsarous
790 3264 928 3331 Dauus
950 3280 1018 3331 sou
1041 3265 1196 3331 Lmuass
1220 3265 1359 3331 Passus
1381 3282 1425 3330 or
1448 3263 1584 3332 Hauas
1600 3262 1664 3330 111.

966 3385 1041 3433 sun
1062 3386 1134 3434 sus
1155 3369 1308 3435 Banous

926 3491 1051 3556 (Chapter
1061 3492 1149 3543 Hense
1160 3492 1348 3556 Miscellanea.)

1104 3597 1162 3682 (1·)

444 3743 531 3794 About
657 3719 730 3785 Rex
752 3725 786 3785 et
807 3720 945 3786 barones
968 3722 1130 3801 omnibus,
1154 3727 1213 3786 ete.
1262 3720 1346 3787 Cum
1369 3722 1540 3787 internos
1563 3743 1664 3809 super

444 3811 548 3926 &22¹⁹
611 3823 787 3907 praeteritis
821 3845 1013 3910 guerrarum
1045 3825 1289 3889 discriminibus
1312 3824 1463 3910 quadam
1497 3824 1665 3889 ordinatio

443 3947 668 4034 Wehereuyseu
700 3924 805 3990 formo
837 3926 925 4011 pacis
957 3926 998 3991 de
1030 3932 1145 3992 nostro
1179 3949 1216 3991 ao
1248 3926 1460 4013 praelatorum
1494 3948 1533 3991 aa
1559 3927 1665 3991 totius

442 4049 517 4099 agree
528 4045 554 4086 10
610 4033 856 4098 urmmunitatie
871 4033 965 4121 regni
981 4033 1114 4121 Anglioo
1129 4034 1278 4098 unanimi
1295 4036 1468 4099 voluntate
1483 4037 1518 4098 et
1532 4054 1667 4099 assensu

442 4105 590 4222 ffifflssss„
610 4135 661 4200 his
698 4136 813 4201 diebus
846 4136 985 4222 provida
1023 4136 1260 4203 deliberatione
1297 4138 1383 4203 inita
1415 4137 1527 4217 fauerit,
1564 4158 1666 4222 quani

441 4234 524 4352 m
549 4305 563 4352 f
610 4239 726 4324 utique
750 4240 821 4304 Deo
844 4246 1010 4326 aooeptam
1033 4245 1068 4305 et
1090 4241 1185 4306 nobis
1207 4264 1246 4307 ae
1267 4262 1369 4328 regno
1393 4238 1479 4326 ipsi³
1501 4239 1668 4305 oredimus

442 4320 589 4421 eenainosr·
610 4346 849 4431 0pportunam;
871 4343 950 4428 quia
971 4348 1085 4408 tamen
1118 4344 1222 4429 aliqui
1245 4342 1324 4408 faeti
1347 4343 1523 4408 veritatem
1555 4343 1668 4409 minus

442 4434 567 4488 bimam.
609 4444 704 4532 plene
740 4444 974 4532 intelligentes,
1025 4445 1267 4511 ordinationem
1324 4446 1430 4532 ipsam
1474 4467 1533 4511 ssu
1576 4447 1670 4533 pacis

609 4546 747 4614 formam
768 4549 879 4614 minus
900 4548 1115 4614 sufficientem
1146 4552 1334 4626 asserentes,
1357 4547 1556 4635 quibusdam
1586 4548 1670 4614 arti-

608 4651 690 4715 culis
721 4651 756 4715 in
791 4651 905 4718 eadem
939 4652 1083 4733 insertis,
1115 4657 1215 4739 prout
1249 4652 1379 4731 dicitur,
1412 4650 1560 4717 oontenti
1598 4672 1669 4718 non

624 4798 860 4809 --————-
866 4803 997 4811 -—-·-
1008 4804 1054 4811 --1-
1061 4803 1156 4811 --.-—-
1163 4802 1361 4811 ——-—--

643 4873 650 4900 ¹
667 4871 770 4937 offas-w]
790 4872 824 4923 So
836 4872 891 4925 MS.
1162 4879 1232 4926 1264.
1251 4874 1298 4927 See
1307 4874 1434 4940 Bymam
1444 4890 1469 4938 p.
1477 4878 1540 4933 4463
1548 4872 1665 4929 annv.

641 4949 749 5000 'These
772 4966 864 5016 appear
886 4961 912 5003 to
936 4954 1037 5005 eontain
1066 4955 1109 5004 the
1157 4970 1183 5018 p.
1196 4960 1252 5005 210.

606 5026 661 5076 first
679 5030 857 5092 proponamos
874 5032 918 5081 the
936 5032 1105 5099 negotiatione
1191 5036 1200 5062 ³
1217 5034 1278 5100 ι’ρεὶ]
1299 5032 1436 5083 Asterthis
1448 5031 1504 5084 MS.
1520 5033 1566 5085 bas
1587 5032 1665 5084 usila

606 5105 691 5157 which
713 5122 778 5160 were
801 5110 897 5160 eas-ried
920 5120 964 5161 out
993 5112 1019 5163 in
1039 5112 1108 5176 Sept.
1157 5116 1249 5165 erased
