4350 6442
613 1143 866 1201 rruusrmrrvn
887 1146 934 1195 or
954 1144 1026 1195 rur
1048 1143 1158 1193 auron
1181 1142 1225 1193 or
1248 1144 1371 1194 unsar
1396 1144 1447 1193 111.
1518 1128 1559 1200 27

491 1320 663 1387 lissemus
708 1316 921 1385 confidentes
943 1315 1047 1405 igitur
1084 1316 1173 1401 quod
1210 1316 1298 1382 idem
1322 1315 1489 1382 Galfridus
1519 1316 1563 1381 ad

491 1422 605 1489 fidem
626 1424 778 1487 nostram
792 1419 924 1499 rediret,
940 1420 1027 1487 sicut
1041 1418 1120 1485 inde
1136 1419 1231 1485 uobis
1247 1441 1338 1505 spem
1353 1420 1498 1499 dederat,
1514 1442 1563 1485 re-

494 1524 594 1591 versi
609 1544 725 1589 sumus
738 1544 841 1611 usque
856 1521 1097 1603 Xanctoniam3
1120 1523 1178 1587 sed
1198 1522 1277 1586 dum
1293 1521 1415 1588 ibidem
1438 1545 1562 1587 moram

498 1626 697 1704 faceremus,
711 1630 871 1712 tanquam
892 1625 1036 1692 infidelis
1062 1628 1098 1691 et
1119 1624 1344 1710 promissionis
1358 1648 1426 1691 suae
1451 1626 1565 1690 imme-

502 1750 583 1795 mor
619 1732 736 1795 contra
764 1749 825 1793 nos
857 1726 946 1794 dieto
975 1728 1046 1815 regi
1076 1727 1224 1793 Franciae
1255 1727 1383 1791 firmius
1417 1727 1564 1792 adhaesit.

506 1830 585 1897 Nos
617 1834 738 1907 tamen,
768 1851 843 1895 oum
874 1829 1077 1896 audierimus
1112 1831 1219 1915 ipsum
1251 1850 1360 1915 regem
1391 1851 1433 1893 ox
1463 1830 1566 1893 altera

505 1936 606 2019 parte
637 1930 718 1997 dicti
751 1930 848 1997 fluvii
878 1954 992 1997 versus
1025 1931 1246 2017 Taylleburge
1276 1929 1561 2017 appropinquaro,¹

506 2034 590 2101 illuc
611 2032 812 2115 accessimus,
835 2038 877 2099 ut
897 2033 1077 2099 transitum
1100 2033 1195 2099 fluvii
1219 2032 1249 2097 oi
1272 2033 1565 2118 praecluderemus3

506 2136 601 2223 quod
624 2135 756 2223 quidem
778 2156 853 2201 cum
874 2134 979 2203 facere
1001 2157 1069 2201 non
1091 2156 1267 2221 possemus,
1285 2135 1426 2219 eoquod
1448 2155 1567 2221 paucos

507 2238 555 2305 de
575 2243 676 2325 gente
697 2242 811 2303 nostra
825 2238 957 2325 Anglise
971 2237 1149 2303 bellatores
1171 2238 1343 2303 nobiscum
1359 2236 1567 2313 adduximus,

507 2348 549 2407 ot
570 2342 705 2427 propter
726 2340 910 2426 potentiam
932 2339 1034 2427 ipsius
1056 2339 1152 2427 regis,
1176 2361 1276 2425 quarn
1296 2340 1424 2404 viribus
1447 2340 1568 2404 nostris

509 2442 661 2507 vidimus
693 2441 789 2529 longe
822 2441 987 2527 majorem,
1010 2442 1052 2507 de
1082 2441 1216 2507 consilio
1240 2443 1388 2506 omnium
1421 2441 1567 2507 fidelium

511 2550 703 2609 nostrorum
726 2544 803 2609 inde
826 2544 1015 2609 recessimus
1038 2565 1141 2629 usque
1166 2543 1395 2609 Xanctoniam.

558 2644 624 2711 Die
645 2666 724 2711 vero
746 2644 910 2711 SMariao
941 2644 1155 2731 Magdalemo,
1179 2651 1354 2731 postquam
1387 2647 1475 2711 idem
1509 2667 1567 2709 rex
1586 2667 1671 2716 sumo

513 2752 651 2835 pontem
680 2748 722 2813 de
744 2746 964 2833 Taylloburge
986 2747 1173 2823 transierat,
1196 2770 1277 2834 gens
1301 2748 1411 2834 ipsius,
1435 2733 1735 2849 orerlc11s¹h⁰l'fe{¹f¹¹

513 2849 630 2915 villam
652 2848 874 2915 Xanotouiam
898 2849 956 2914 ubi
978 2850 1153 2929 fucramus,
1171 2851 1250 2915 dum
1274 2851 1380 2915 nostri
1403 2855 1510 2915 essent
1532 2808 1729 2931 inilililiia

512 2974 629 3017 mensa
657 2952 712 3017 vel
742 2952 950 3029 dormientes,
977 2973 1158 3037 occupasse,
1181 2952 1260 3017 illuc
1290 2953 1326 3017 in
1358 2976 1459 3017 manu
1490 2935 1723 3049 sortissssssuctom,

513 3076 591 3121 cum
613 3054 830 3119 multitudine
852 3054 1035 3139 impetuosa
1057 3054 1217 3133 advenit3
1241 3055 1298 3119 sed
1327 3056 1440 3134 nostri,
1471 3054 1569 3117 irene·
1582 3067 1662 3129 putul
1675 3068 1738 3115 aaa

513 3156 625 3221 dictus
647 3156 746 3235 Deus,
769 3156 847 3221 licet
872 3156 1042 3243 improvisi
1064 3162 1099 3222 et
1123 3157 1258 3233 incauti,
1284 3157 1377 3242 genti
1406 3156 1569 3241 praedicta

1582 3149 1600 3209 a
1609 3132 1684 3195 slrarp
1697 3149 1738 3182 ac·

1583 3206 1636 3247 aon
1647 3207 1673 3249 to
1684 3214 1722 3247 ru·

513 3258 649 3325 otviam
679 3258 842 3334 exierunt,
865 3264 900 3323 et
933 3260 969 3323 in
998 3258 1079 3323 facio
1114 3260 1160 3322 cis
1193 3258 1335 3322 virilitor
1366 3258 1568 3335 restiterunt,
1583 3272 1654 3315 trem.

514 3360 741 3447 congressique
763 3382 899 3447 gravem
923 3365 957 3425 ct
980 3361 1195 3425 fortissiuuuu
1219 3361 1306 3424 iutcr
1326 3382 1360 3424 se
1382 3359 1571 3425 conflictum

516 3462 726 3543 lralruorunt5
754 3462 792 3527 in
822 3484 888 3547 quo
921 3462 1032 3549 plures
1063 3463 1104 3527 dc
1135 3463 1283 3527 exercitu
1314 3462 1401 3549 rogis
1424 3461 1571 3527 Francis

517 3564 683 3631 interfecti
713 3572 803 3643 sunt,
823 3564 937 3650 ¹plures
959 3565 1127 3630 vulnerati
1149 3570 1183 3630 ct
1214 3566 1324 3650 plures
1356 3565 1501 3645 detenti3
1533 3566 1572 3630 de

517 3667 641 3733 uostris
655 3666 810 3732 similiter
823 3667 988 3751 aliquibus
1003 3668 1117 3753 captis,
1133 3674 1168 3732 ct
1190 3668 1354 3753 aliquibus
1370 3669 1551 3734 vulneratis
1564 3694 1571 3748 3

517 3780 554 3839 et
576 3774 720 3850 tandem,
736 3794 811 3839 cum
827 3775 966 3839 sentiret
981 3795 1062 3858 gons
1077 3773 1174 3838 nobis
1194 3774 1340 3851 advorsa,
1357 3777 1445 3860 quod
1460 3779 1574 3840 contra

516 3898 578 3941 nos
611 3876 791 3963 praevalere
823 3898 890 3941 non
925 3883 1044 3962 piasset,
1068 3876 1111 3939 ud
1135 3877 1281 3940 teutria
1314 3900 1381 3955 suu,
1413 3883 1570 3963 tauquam

515 3977 655 4057 confusi,
676 3983 757 4043 sunt
779 3979 909 4044 reversi.

562 4080 634 4145 Nos
663 4080 806 4165 quidem,
827 4080 936 4146 adhuc
966 4082 1000 4145 in
1032 4081 1176 4146 crastino
1211 4086 1448 4146 oommorantrs
1486 4082 1574 4167 apud
1588 4077 1725 4143 Twouays

517 4182 741 4249 musionium
771 4183 811 4248 dc
845 4183 980 4249 consilio
1003 4191 1116 4250 nostro
1139 4184 1218 4249 indo
1240 4185 1430 4249 recessimus
1464 4205 1574 4249 versus
1587 4146 1732 4261 qquqqpus

518 4286 666 4366 Pontem,
705 4286 824 4350 comite
864 4286 1019 4352 Marchizo
1057 4287 1173 4351 villam
1214 4291 1248 4351 ot
1286 4292 1428 4351 castrum
1468 4286 1574 4350 Xauc-
1588 4279 1654 4393 ques
1667 4286 1726 4396 *οἀ

517 4388 620 4453 touiae
650 4386 721 4452 sine
746 4392 844 4473 gente
870 4392 906 4453 et
932 4388 999 4453 alia
1020 4389 1206 4454 munitione
1231 4388 1364 4453 omuino
1388 4389 1554 4453 (larseroutc
1567 4415 1574 4469 ;
1587 4361 1711 4463 elffii

516 4488 568 4555 ita
597 4488 687 4573 quod
724 4510 784 4555 rex
823 4488 981 4567 Francius,
1017 4496 1092 4577 post
1133 4512 1294 4557 recessum
1319 4497 1490 4580 nostrum,
1529 4478 1683 4594 cami·

517 4598 681 4676 tanquam
704 4589 861 4656 derelicta
894 4596 930 4657 et
962 4592 1138 4670 indetirusa,
1173 4594 1286 4657 statim
1317 4601 1368 4659 ost
1401 4595 1574 4681 ingressus.
1660 4582 1666 4604 ’

519 4692 671 4779 Cumque
692 4694 888 4759 vidissemus
909 4715 969 4759 uos
992 4696 1081 4781 apud
1105 4696 1244 4761 Pontem
1269 4697 1377 4762 miuus¹
1402 4704 1475 4764 tuto
1491 4720 1576 4763 com-

519 4795 652 4875 morari,
676 4801 812 4883 propter
833 4818 997 4863 accessum
1032 4799 1134 4884 ipsius
1165 4800 1260 4885 regis,
1287 4802 1350 4865 itur
1380 4802 1577 4889 arripuimus

828 5050 833 5078 ¹
852 5050 1067 5115 upprrqriuquurc]
1087 5050 1203 5129 uppiarc,
1214 5052 1271 5104 MS.
