4350 6442
783 1188 848 1250 248
939 1198 1053 1248 novun
1074 1196 1148 1246 sun
1171 1199 1287 1247 ornus
1310 1198 1517 1250 nrsromcrn
1539 1200 1691 1251 munus

1263 1502 1363 1568 DCV.

1074 1642 1151 1707 'l'ns
1174 1659 1265 1707 saun
1288 1658 1331 1707 ro
1354 1660 1424 1707 vnn
1447 1660 1542 1707 saun

1126 1783 1221 1847 (Royal
1235 1782 1342 1843 letters,
1355 1781 1402 1831 No.
1419 1784 1490 1845 ⁴13.)

828 1900 957 1965 Illustri
990 1906 1025 1965 et
1046 1900 1222 1987 magnifico
1256 1899 1397 1986 principi
1422 1899 1610 1985 H[enrico]‚
1635 1899 1700 1965 Dei
1731 1902 1844 1987 gratia

782 2004 852 2089 regi
883 2002 1023 2089 Anglire,
1055 2002 1188 2067 domino
1224 2002 1404 2077 Hibernis,
1435 2008 1470 2067 et
1500 2002 1575 2067 duci
1610 2004 1842 2089 Aquitannire,

783 2105 878 2171 fratri
902 2112 1015 2171 nostro
1045 2105 1220 2182 carissimo,
1252 2104 1422 2184 Rieu-ndns,
1446 2104 1560 2169 eadem
1582 2104 1695 2191 gratia
1718 2106 1842 2171 Ronnr-

784 2230 901 2273 nonun
931 2232 998 2285 rex,
1023 2230 1150 2295 sempor
1172 2211 1355 2293 Augustus,
1379 2206 1521 2273 salntem
1552 2213 1586 2271 et
1608 2207 1842 2275 sincerissima·

783 2333 909 2398 semper
932 2311 1118 2376 dilectionis
1142 2312 1304 2375 affectum.

616 2421 753 2486 reseruay
829 2413 913 2481 Cum
950 2415 1029 2493 heri,
1062 2413 1099 2477 in
1129 2413 1182 2478 dio
1213 2406 1369 2478 videlicet
1406 2412 1577 2477 beatorum
1612 2414 1839 2499 apostolorum

615 2487 761 2603 fhfflsss'os
783 2514 874 2580 Petri
907 2523 941 2582 ct
972 2516 1075 2591 Pauli,
1107 2516 1195 2602 apud
1227 2514 1444 2601 Cyppenharn
1476 2515 1685 2592 venissemus,
1720 2516 1842 2581 audito

616 2619 748 2700 iaciemus
782 2617 871 2701 quod
894 2640 1000 2682 eomes
1024 2618 1220 2703 Leycestrim
1244 2639 1318 2681 cnm
1341 2616 1534 2701 sequacibus
1560 2617 1628 2681 suis
1650 2617 1773 2705 e[sse]t
1804 2618 1840 2683 in

614 2694 734 2803 ffigss„
783 2718 945 2805 Radinga,
968 2719 1170 2789 misimus.ei
1195 2718 1416 2783 incontinenti
1439 2719 1594 2782 nuntium
1619 2726 1774 2784 nostrum
1805 2728 1841 2787 et

614 2819 770 2935 0οέἷῖᾞῆ
782 2821 906 2900 literas,
937 2821 1045 2906 ipsum
1069 2822 1251 2886 invitantes
1275 2820 1439 2885 attentius
1461 2830 1500 2886 ut
1527 2822 1587 2886 hoc
1618 2821 1672 2887 die
1696 2821 1838 2889 Sabbati

614 2900 743 3009 {siim}
781 2924 862 2988 setis
884 2945 981 2988 mane
1002 2925 1090 3009 opud
1106 2924 1246 2989 Pontem
1271 2923 1400 2988 Lodene
1416 2922 1512 2987 nobis
1528 2931 1720 3003 occurreret,
1738 2947 1840 3011 super

614 3019 770 3139 ffifuffl
782 3027 870 3113 pacis
901 3027 1034 3113 negotio
1066 3033 1267 3092 tractaturus
1303 3025 1481 3090 nobiscum.
1529 3024 1604 3104 Qui,
1637 3025 1716 3091 licet
1748 3027 1838 3093 idem

613 3152 675 3203 roni.
781 3129 920 3193 nuntius
946 3135 1058 3195 noster
1079 3129 1123 3193 ad
1145 3151 1219 3193 eum
1251 3129 1285 3191 in
1319 3134 1395 3192 ortu
1426 3127 1491 3191 diei
1522 3127 1668 3213 ejusdem
1694 3128 1838 3195 Sabisti

781 3234 991 3319 pervenisset,
1007 3231 1218 3298 renunciavit
1241 3230 1336 3295 nobis
1358 3252 1416 3316 per
1438 3230 1594 3294 nuntium
1617 3238 1837 3296 memoratum

780 3335 867 3420 quod
890 3357 958 3401 non
982 3340 1091 3421 posset
1115 3334 1282 3398 ullatenus
1305 3332 1401 3397 nobis
1423 3353 1597 3408 occurrere,
1622 3354 1729 3419 neque
1753 3356 1838 3419 pne·

780 3443 974 3522 conceptum
1000 3435 1197 3500 intentionis
1220 3457 1289 3498 suas
1313 3435 1517 3520 propositum
1550 3434 1683 3500 variare
1731 3434 1839 3501 Intel-

780 3539 864 3604 lecto
879 3539 983 3625 igitur
997 3538 1085 3624 quod
1101 3537 1361 3624 pnenorninatus
1377 3558 1484 3601 comes
1499 3535 1645 3621 ejusdcm
1660 3540 1837 3624 praesentis

780 3640 919 3705 Sabbati
950 3661 1079 3704 summo
1109 3660 1205 3702 ruane
1236 3661 1308 3702 cunr
1347 3636 1414 3701 suis
1444 3637 1690 3721 coadjutoribus
1728 3646 1836 3705 eastra

780 3763 924 3818 movens,
941 3742 1002 3807 hoc
1028 3742 1081 3807 die
1106 3740 1299 3827 processerit
1322 3762 1424 3825 usque
1440 3740 1622 3815 Guidesoru
1645 3740 1702 3805 nbi
1727 3743 1838 3807 noetis

779 3844 937 3909 instantis
967 3844 1078 3929 quiete
1110 3849 1245 3930 captata
1269 3843 1431 3928 ltegatam
1464 3842 1498 3905 in
1529 3842 1672 3908 crastino
1711 3844 1837 3909 dicitnr

779 3947 940 4025 aditurus,
970 3952 1102 4011 mutato
1128 3944 1400 4031 Walingsordiam
1433 3944 1534 4007 eundi
1565 3945 1732 4031 proposito
1755 3968 1835 4012 mox

779 4049 976 4127 refleximus,
1000 4070 1037 4114 co
1061 4047 1151 4134 quod
1166 4048 1212 4112 sic
1232 4047 1326 4110 vobis
1348 4044 1580 4132 approximat¹
1605 4068 1736 4133 gressus
1761 4071 1837 4113 nos·

778 4157 855 4217 tros.
901 4152 956 4216 Ad
977 4172 1119 4237 prasens
1141 4150 1254 4234 itaque
1284 4149 1463 4213 existentes
1495 4147 1531 4211 in
1555 4147 1729 4228 Istelhord‚
1753 4172 1835 4229 eras,

779 4254 833 4319 die
858 4255 1031 4321 Dominico
1053 4252 1187 4326 seiliect,
1218 4251 1259 4314 ad
1293 4272 1360 4326 vos,
1392 4256 1524 4314 auctore
1559 4250 1712 4327 Domine,
1744 4251 1835 4339 apud

781 4360 986 4425 Londonianr
1017 4357 1196 4421 veniemus.

840 4463 966 4527 Datum
990 4459 1170 4533 Istelhord,
1187 4457 1305 4521 ultimo
1328 4455 1381 4519 die
1396 4453 1500 4531 Junii,
1525 4455 1705 4522 indictione
1727 4464 1834 4539 sexta,

780 4566 871 4651 regni
896 4563 1002 4630 nostri
1024 4583 1113 4627 rinno
1137 4559 1284 4646 septimo.

753 4666 760 4681 ’
824 4666 997 4733 Irieus-sed.
1041 4663 1162 4729 Inclito
1187 4661 1372 4749 l{[cnrico],
1401 4659 1469 4746 regi
1502 4660 1642 4747 Augias,
1665 4663 1834 4729 uuissuno

784 4770 877 4834 fratri
902 4777 1022 4835 nostro.

809 4928 1285 4939 ·--—-—·-—-—*-———·—
1589 4926 1661 4931 —..

990 5012 997 5042 ¹
1015 5010 1182 5075 approximet]
1209 5010 1243 5060 So
1255 5008 1352 5069 nup:
1365 5004 1380 5056 l.
1400 5006 1611 5070 approximemus.
