4350 6442
635 1076 688 1164 '82
794 1110 908 1163 uorsa
930 1110 1005 1162 sau
1027 1112 1143 1162 ornan
1167 1110 1371 1162 morosicon
1393 1111 1540 1162 umens

645 1303 687 1368 ad
709 1322 769 1368 nos
791 1299 1015 1379 revertamini,
1039 1319 1082 1365 ne
1105 1299 1132 1364 si
1156 1321 1248 1366 secus
1270 1298 1405 1385 egeritis
1426 1299 1524 1365 nobis
1546 1304 1580 1365 et
1597 1306 1699 1366 terrae

644 1410 767 1472 nostrae
789 1405 969 1491 periculum
999 1403 1179 1480 immineat,
1204 1407 1239 1468 et
1268 1404 1362 1468 vobis
1392 1403 1548 1468 damnum
1571 1405 1697 1491 gravis-

645 1510 765 1575 simum
787 1513 823 1573 et
844 1507 930 1573 sorte
953 1505 1214 1593 irrecuperabile,
1238 1507 1325 1591 quod
1355 1505 1446 1571 Deus
1468 1511 1607 1572 avertat
1654 1507 1699 1571 Et

646 1612 810 1677 credimus
845 1610 933 1697 quod
963 1615 1082 1696 treuga
1109 1609 1179 1693 jam
1206 1609 1293 1673 inita
1324 1609 1584 1696 interrumpetur
1605 1611 1632 1672 si
1656 1609 1698 1673 ad

645 1722 755 1803 partes
778 1714 853 1779 illas
876 1713 1016 1778 ulterius
1038 1712 1244 1799 procedatis3
1273 1716 1308 1777 et
1339 1734 1492 1800 rogamus
1515 1713 1604 1800 quod
1627 1713 1701 1776 sitis

644 1818 816 1885 uobiscum
841 1817 877 1881 in
901 1817 964 1882 hac
985 1815 1196 1881 solemnitate
1219 1815 1378 1880 Pasebali.
1414 1816 1511 1882 Teste
1535 1822 1700 1902 utsupra

645 1922 750 2009 [Rege
799 1920 887 2007 apud
926 1919 1267 1995 Westmcnasterium,
1306 1920 1460 1985 vicesimo
1508 1921 1609 1984 tertio
1647 1921 1701 1984 die

648 2023 786 2108 Martii]

1034 2499 1304 2567 CCCCLXXIX.

695 2673 825 2740 Hsusv
851 2673 915 2739 ΙΙΙ.
939 2690 982 2738 το
1005 2691 1075 2738 rus
1099 2675 1297 2739 viscomis
1320 2691 1365 2738 or
1388 2674 1549 2740 Fuousac
1574 2691 1646 2739 asu

1074 2777 1285 2843 Ossismos.

848 2913 919 2976 (soe.
931 2913 1017 2965 Cleua.
1029 2919 1062 2964 to
1075 2913 1139 2963 ileu.
1151 2913 1210 2973 111,
1221 2914 1312 2964 memb.
1326 2918 1358 2962 20
1370 2913 1395 2962 in
1408 2914 1503 2977 dorso.)

479 3056 555 3123 April
567 3062 591 3118 1,
694 3031 765 3096 Rex
787 3030 970 3096 vicecomiti
994 3031 1034 3096 de
1051 3030 1204 3095 ansak
1227 3036 1262 3095 et
1284 3029 1467 3094 vicecomiti
1483 3030 1523 3094 de
1540 3029 1702 3109 Castilun,

481 3131 552 3176 ¹²³²·
648 3136 797 3201 salutem.

479 3252 600 3318 wegive
693 3238 894 3303 Audivimus
917 3258 1021 3324 nuper
1036 3235 1245 3323 quorundam
1270 3235 1416 3301 fidelium
1441 3236 1600 3302 relatione
1615 3236 1703 3323 quod

478 3320 624 3438 ffiffw
648 3364 706 3407 vos
729 3343 877 3428 graviter
907 3341 1076 3426 conquesti
1100 3341 1180 3404 ostis
1215 3340 1256 3403 de
1279 3339 1474 3424 quibusdem
1508 3340 1639 3405 damnis
1669 3347 1704 3405 et

480 3454 599 3519 England
648 3444 779 3529 injuriis
812 3443 906 3509 vobis
942 3443 1043 3507 illatis
1074 3465 1094 3505 a
1126 3442 1259 3506 ballivis
1290 3442 1413 3505 nostris
1437 3441 1640 3521 Wasconinu
1669 3448 1703 3506 ct

480 3521 635 3652 ffssffiffi
648 3545 722 3610 ideo
739 3546 832 3610 vobis
855 3545 1051 3609 mandamus
1066 3545 1155 3629 quod
1179 3543 1222 3609 ad
1245 3565 1305 3608 nos
1320 3544 1462 3609 veniatis
1485 3544 1521 3608 in
1536 3546 1704 3632 magliam,

480 3655 564 3705 before
576 3670 612 3704 ua.
649 3648 763 3713 scituri
787 3647 875 3732 quod
898 3647 993 3711 vobis
1015 3647 1224 3711 concedimus
1246 3645 1373 3710 salvum
1399 3652 1433 3711 et
1455 3668 1604 3711 securum
1628 3670 1703 3711 eon-

650 3750 786 3816 ductum
818 3755 968 3814 nostrum
991 3771 1049 3836 per
1081 3755 1186 3814 totam
1221 3755 1420 3836 potesbvtem
1453 3755 1610 3824 nostram,
1633 3757 1700 3814 taru

649 3875 708 3941 per
739 3859 859 3917 terram
887 3873 986 3937 quam
1021 3874 1080 3938 por
1110 3873 1209 3931 mare,
1233 3852 1269 3916 in
1301 3853 1482 3918 veniendo·
1496 3853 1539 3916 ad
1574 3874 1634 3916 uos
1669 3854 1702 3916 iu

650 3956 817 4043 Angliam,
855 3953 977 4019 ibidem
1016 3955 1176 4019 morando
1214 3960 1249 4019 et
1287 3955 1365 4020 iude
1403 3956 1591 4034 reecdeud0,
1628 3978 1702 4020 curn

649 4046 838 4113 hominibus
859 4044 986 4123 vestris,
1010 4045 1112 4130 equis,
1135 4050 1169 4109 et
1203 4045 1353 4110 hernesio
1377 4051 1496 4110 vestro.
1542 4044 1705 4110 Nolumus

650 4151 749 4216 etiam
776 4147 864 4234 quod
902 4169 960 4234 per
993 4147 1127 4233 aliquod
1161 4147 1284 4211 factum
1308 4148 1360 4212 vel
1394 4154 1527 4235 propter
1560 4148 1703 4235 aliquam

650 4251 941 4339 transgressionem
978 4272 1051 4336 ques
1085 4253 1200 4314 ccutm
1234 4273 1346 4336 pacem
1385 4257 1532 4316 nostram
1565 4251 1706 4317 feceritis

651 4354 778 4442 aliquid
801 4352 896 4419 vobis
919 4352 971 4418 vel
995 4352 1114 4417 vestris
1148 4352 1208 4416 fiat
1231 4352 1514 4439 impedimentum,
1537 4353 1704 4432 damnum,

653 4458 704 4524 vel
728 4478 915 4546 gravamen,
946 4455 1123 4542 quominus
1155 4453 1198 4520 ad
1233 4477 1292 4519 uos
1315 4457 1457 4522 veniatis
1480 4459 1517 4522 in
1540 4459 1707 4546 Auginum,

653 4561 698 4625 ibi
723 4559 896 4625 moremini
919 4565 954 4624 et
980 4558 1056 4624 inde
1078 4557 1247 4624 recedatis.
1293 4559 1363 4623 Nos
1386 4561 1487 4624 etiam
1511 4561 1649 4646 injurias
1672 4570 1706 4628 et

652 4665 775 4728 damus
813 4661 907 4727 vobis
944 4684 1002 4749 per
1039 4659 1181 4726 ballivos
1226 4667 1355 4727 nostros
1392 4663 1574 4730 Wascouiae
1614 4665 1706 4730 illatu

653 4767 808 4831 iaciemus
830 4764 1007 4829 seeundum
1030 4763 1200 4848 justitiam
1229 4764 1272 4828 ad
1307 4765 1442 4852 plenum
1465 4767 1641 4847 emendari,
1673 4775 1707 4832 et

654 4867 909 4956 providebimus,
931 4888 989 4953 per
1005 4865 1065 4931 Dei
1089 4866 1241 4951 gantiam,
1264 4867 1304 4932 de
1327 4875 1417 4934 statu
1443 4876 1553 4936 vestm
1577 4878 1611 4935 et
1626 4869 1705 4934 alio-

655 4995 728 5039 rum
763 4978 954 5060 magnmum
989 4976 1175 5035 nostrorum
1212 4971 1393 5039 waconis
1425 4982 1459 5039 et
1497 4997 1575 5062 paee
1609 4980 1706 5041 teme

655 5074 1081 5162 110stra·pnaliete,sieat
1106 5075 1220 5139 melius
1244 5075 1355 5140 lauacri
1381 5084 1494 5143 nostro
1509 5085 1544 5142 et
1568 5078 1706 5142 utilitati
