<?xml version="1.0" encoding="UTF-8"?>
<!DOCTYPE html PUBLIC "-//W3C//DTD XHTML 1.0 Transitional//EN"
    "http://www.w3.org/TR/xhtml1/DTD/xhtml1-transitional.dtd">
<html xmlns="http://www.w3.org/1999/xhtml" xml:lang="en" lang="en">
 <head>
  <title>
</title>
<meta http-equiv="Content-Type" content="text/html;charset=utf-8" />
  <meta name='ocr-system' content='tesseract 3.04.00' />
  <meta name='ocr-capabilities' content='ocr_page ocr_carea ocr_par ocr_line ocrx_word'/>
</head>
<body>
  <div class='ocr_page' id='page_1' title='image "./royalandotherhi00henrgoog_0354.png"; bbox 0 0 4350 6442; ppageno 0'>
   <div class='ocr_carea' id='block_1_1' title="bbox 612 1196 1544 1265">
    <p class='ocr_par' dir='ltr' id='par_1_1' title="bbox 612 1196 1544 1265">
     <span class='ocr_line' id='line_1_1' title="bbox 612 1196 1544 1265; baseline -0.003 -3"><span class='ocrx_word' id='word_1_1' title='bbox 612 1210 859 1262; x_wconf 73' lang='lat' dir='ltr'><strong>unusrnsrrvn</strong></span> <span class='ocrx_word' id='word_1_2' title='bbox 880 1212 924 1261; x_wconf 85' lang='lat' dir='ltr'><strong>or</strong></span> <span class='ocrx_word' id='word_1_3' title='bbox 948 1212 1017 1261; x_wconf 83' lang='lat' dir='ltr'><strong>run</strong></span> <span class='ocrx_word' id='word_1_4' title='bbox 1041 1210 1147 1261; x_wconf 77' lang='lat' dir='ltr'><strong>umor</strong></span> <span class='ocrx_word' id='word_1_5' title='bbox 1169 1212 1214 1259; x_wconf 86' lang='lat' dir='ltr'><strong>or</strong></span> <span class='ocrx_word' id='word_1_6' title='bbox 1237 1211 1358 1261; x_wconf 80' lang='lat' dir='ltr'><strong>unum·</strong></span> <span class='ocrx_word' id='word_1_7' title='bbox 1381 1211 1431 1261; x_wconf 89' lang='lat'>111.</span> <span class='ocrx_word' id='word_1_8' title='bbox 1479 1196 1544 1265; x_wconf 79' lang='lat'><strong>273</strong></span> 
     </span>
    </p>
   </div>
   <div class='ocr_carea' id='block_1_2' title="bbox 493 1386 1549 3618">
    <p class='ocr_par' dir='ltr' id='par_1_2' title="bbox 493 1386 1545 1576">
     <span class='ocr_line' id='line_1_2' title="bbox 494 1386 1545 1473; baseline 0 -24"><span class='ocrx_word' id='word_1_9' title='bbox 494 1407 568 1451; x_wconf 88' lang='lat' dir='ltr'><strong>nem</strong></span> <span class='ocrx_word' id='word_1_10' title='bbox 591 1392 661 1452; x_wconf 81' lang='lat' dir='ltr'><strong>stat</strong></span> <span class='ocrx_word' id='word_1_11' title='bbox 683 1388 858 1473; x_wconf 78' lang='lat' dir='ltr'>quominus</span> <span class='ocrx_word' id='word_1_12' title='bbox 880 1408 940 1451; x_wconf 89' lang='lat' dir='ltr'><strong>nos</strong></span> <span class='ocrx_word' id='word_1_13' title='bbox 963 1391 997 1452; x_wconf 85' lang='lat' dir='ltr'><strong>ot</strong></span> <span class='ocrx_word' id='word_1_14' title='bbox 1029 1408 1166 1473; x_wconf 84' lang='lat' dir='ltr'><strong>regnum</strong></span> <span class='ocrx_word' id='word_1_15' title='bbox 1189 1393 1340 1453; x_wconf 86' lang='lat' dir='ltr'><strong>nostrum</strong></span> <span class='ocrx_word' id='word_1_16' title='bbox 1363 1386 1545 1451; x_wconf 87' lang='lat' dir='ltr'><strong>confusioni</strong></span> 
     </span>
     <span class='ocr_line' id='line_1_3' title="bbox 493 1488 1200 1576; baseline -0.003 -22"><span class='ocrx_word' id='word_1_17' title='bbox 493 1495 527 1555; x_wconf 84' lang='lat' dir='ltr'><strong>et</strong></span> <span class='ocrx_word' id='word_1_18' title='bbox 549 1495 715 1576; x_wconf 69' lang='lat' dir='ltr'><strong>pometum</strong></span> <span class='ocrx_word' id='word_1_19' title='bbox 739 1488 989 1555; x_wconf 77' lang='lat' dir='ltr'><strong>exheredationi</strong></span> <span class='ocrx_word' id='word_1_20' title='bbox 1016 1488 1200 1553; x_wconf 84' lang='lat' dir='ltr'><strong>liberemur.</strong></span> 
     </span>
    </p>

    <p class='ocr_par' dir='ltr' id='par_1_3' title="bbox 493 1589 1549 3414">
     <span class='ocr_line' id='line_1_4' title="bbox 538 1589 1545 1677; baseline -0.001 -22"><span class='ocrx_word' id='word_1_21' title='bbox 538 1591 752 1657; x_wconf 87' lang='lat' dir='ltr'><strong>Prohibemus</strong></span> <span class='ocrx_word' id='word_1_22' title='bbox 784 1591 884 1656; x_wconf 82' lang='lat' dir='ltr'><strong>etiarn</strong></span> <span class='ocrx_word' id='word_1_23' title='bbox 916 1612 1014 1677; x_wconf 86' lang='lat' dir='ltr'><strong>super</strong></span> <span class='ocrx_word' id='word_1_24' title='bbox 1045 1589 1285 1656; x_wconf 76' lang='lat' dir='ltr'><strong>forisfacturam</strong></span> <span class='ocrx_word' id='word_1_25' title='bbox 1319 1590 1479 1655; x_wconf 89' lang='lat' dir='ltr'><strong>bonorum</strong></span> <span class='ocrx_word' id='word_1_26' title='bbox 1510 1596 1545 1655; x_wconf 86' lang='lat' dir='ltr'><strong>et</strong></span> 
     </span>
     <span class='ocr_line' id='line_1_5' title="bbox 493 1692 1545 1779; baseline -0.001 -21"><span class='ocrx_word' id='word_1_27' title='bbox 493 1693 695 1771; x_wconf 67' lang='lat' dir='ltr'><strong>cabillonum,</strong></span> <span class='ocrx_word' id='word_1_28' title='bbox 710 1718 752 1759; x_wconf 88' lang='lat' dir='ltr'><strong>nu</strong></span> <span class='ocrx_word' id='word_1_29' title='bbox 777 1693 850 1779; x_wconf 87' lang='lat' dir='ltr'><strong>quis</strong></span> <span class='ocrx_word' id='word_1_30' title='bbox 872 1698 988 1779; x_wconf 86' lang='lat' dir='ltr'><strong>puteus</strong></span> <span class='ocrx_word' id='word_1_31' title='bbox 1010 1693 1046 1757; x_wconf 94' lang='lat' dir='ltr'><strong>in</strong></span> <span class='ocrx_word' id='word_1_32' title='bbox 1068 1693 1282 1758; x_wconf 62' lang='lat' dir='ltr'><strong>ltcrdtutibus</strong></span> <span class='ocrx_word' id='word_1_33' title='bbox 1304 1698 1338 1758; x_wconf 89' lang='lat' dir='ltr'><strong>et</strong></span> <span class='ocrx_word' id='word_1_34' title='bbox 1361 1692 1480 1757; x_wconf 82' lang='lat' dir='ltr'><strong>habilis</strong></span> <span class='ocrx_word' id='word_1_35' title='bbox 1502 1693 1545 1757; x_wconf 88' lang='lat' dir='ltr'><strong>nd</strong></span> 
     </span>
     <span class='ocr_line' id='line_1_6' title="bbox 494 1794 1545 1883; baseline 0.001 -24"><span class='ocrx_word' id='word_1_36' title='bbox 494 1797 708 1883; x_wconf 82' lang='lat' dir='ltr'><strong>pugnandum</strong></span> <span class='ocrx_word' id='word_1_37' title='bbox 732 1817 815 1861; x_wconf 85' lang='lat' dir='ltr'><strong>onus</strong></span> <span class='ocrx_word' id='word_1_38' title='bbox 849 1794 1043 1882; x_wconf 73' lang='lat' dir='ltr'><strong>praedictum</strong></span> <span class='ocrx_word' id='word_1_39' title='bbox 1076 1817 1136 1881; x_wconf 89' lang='lat' dir='ltr'><strong>pro</strong></span> <span class='ocrx_word' id='word_1_40' title='bbox 1158 1794 1261 1860; x_wconf 83' lang='lat' dir='ltr'><strong>altero</strong></span> <span class='ocrx_word' id='word_1_41' title='bbox 1284 1800 1438 1875; x_wconf 81' lang='lat' dir='ltr'><strong>assumat,</strong></span> <span class='ocrx_word' id='word_1_42' title='bbox 1461 1815 1545 1881; x_wconf 83' lang='lat' dir='ltr'><strong>prm-</strong></span> 
     </span>
     <span class='ocr_line' id='line_1_7' title="bbox 493 1896 1546 1984; baseline -0.002 -23"><span class='ocrx_word' id='word_1_43' title='bbox 493 1900 607 1963; x_wconf 87' lang='lat' dir='ltr'><strong>sertim</strong></span> <span class='ocrx_word' id='word_1_44' title='bbox 622 1922 696 1965; x_wconf 89' lang='lat' dir='ltr'><strong>cum</strong></span> <span class='ocrx_word' id='word_1_45' title='bbox 713 1897 937 1984; x_wconf 86' lang='lat' dir='ltr'><strong>unusquisque</strong></span> <span class='ocrx_word' id='word_1_46' title='bbox 952 1896 995 1961; x_wconf 87' lang='lat' dir='ltr'><strong>ud</strong></span> <span class='ocrx_word' id='word_1_47' title='bbox 1010 1896 1230 1962; x_wconf 80' lang='lat' dir='ltr'><strong>defensionem</strong></span> <span class='ocrx_word' id='word_1_48' title='bbox 1255 1896 1442 1983; x_wconf 87' lang='lat' dir='ltr'><strong>hujusmodi</strong></span> <span class='ocrx_word' id='word_1_49' title='bbox 1465 1897 1546 1963; x_wconf 87' lang='lat' dir='ltr'><strong>totis</strong></span> 
     </span>
     <span class='ocr_line' id='line_1_8' title="bbox 494 1998 1545 2085; baseline -0.001 -21"><span class='ocrx_word' id='word_1_50' title='bbox 494 2000 621 2065; x_wconf 78' lang='lat' dir='ltr'><strong>viribus</strong></span> <span class='ocrx_word' id='word_1_51' title='bbox 652 2006 806 2065; x_wconf 83' lang='lat' dir='ltr'><strong>tenentur</strong></span> <span class='ocrx_word' id='word_1_52' title='bbox 836 1998 956 2064; x_wconf 82' lang='lat' dir='ltr'><strong>udosse.</strong></span> <span class='ocrx_word' id='word_1_53' title='bbox 1002 1998 1167 2065; x_wconf 75' lang='lat' dir='ltr'><strong>Prrnteren</strong></span> <span class='ocrx_word' id='word_1_54' title='bbox 1188 1998 1340 2064; x_wconf 89' lang='lat' dir='ltr'><strong>volumus</strong></span> <span class='ocrx_word' id='word_1_55' title='bbox 1362 1999 1449 2085; x_wconf 93' lang='lat' dir='ltr'><strong>quod</strong></span> <span class='ocrx_word' id='word_1_56' title='bbox 1481 1998 1545 2063; x_wconf 90' lang='lat' dir='ltr'><strong>viri</strong></span> 
     </span>
     <span class='ocr_line' id='line_1_9' title="bbox 495 2100 1547 2190; baseline -0.001 -24"><span class='ocrx_word' id='word_1_57' title='bbox 495 2102 638 2190; x_wconf 84' lang='lat' dir='ltr'><strong>religiosi</strong></span> <span class='ocrx_word' id='word_1_58' title='bbox 660 2102 717 2188; x_wconf 91' lang='lat' dir='ltr'><strong>qui</strong></span> <span class='ocrx_word' id='word_1_59' title='bbox 740 2100 913 2187; x_wconf 74' lang='lat' dir='ltr'><strong>capitalem</strong></span> <span class='ocrx_word' id='word_1_60' title='bbox 936 2100 1060 2166; x_wconf 83' lang='lat' dir='ltr'><strong>habent</strong></span> <span class='ocrx_word' id='word_1_61' title='bbox 1075 2101 1210 2166; x_wconf 81' lang='lat' dir='ltr'><strong>domuin</strong></span> <span class='ocrx_word' id='word_1_62' title='bbox 1232 2101 1269 2165; x_wconf 92' lang='lat' dir='ltr'><strong>in</strong></span> <span class='ocrx_word' id='word_1_63' title='bbox 1291 2101 1415 2166; x_wconf 77' lang='lat' dir='ltr'><strong>ballivo</strong></span> <span class='ocrx_word' id='word_1_64' title='bbox 1437 2107 1496 2165; x_wconf 88' lang='lat' dir='ltr'><strong>tuu-</strong></span> <span class='ocrx_word' id='word_1_65' title='bbox 1511 2106 1547 2166; x_wconf 84' lang='lat' dir='ltr'><strong>et</strong></span> 
     </span>
     <span class='ocr_line' id='line_1_10' title="bbox 494 2202 1546 2291; baseline -0.002 -22"><span class='ocrx_word' id='word_1_66' title='bbox 494 2256 501 2269; x_wconf 94' lang='lat'><strong>.</strong></span> <span class='ocrx_word' id='word_1_67' title='bbox 525 2257 531 2269; x_wconf 95' lang='lat'>.</span> <span class='ocrx_word' id='word_1_68' title='bbox 555 2256 562 2269; x_wconf 92' lang='lat'><strong>.</strong></span> <span class='ocrx_word' id='word_1_69' title='bbox 586 2206 785 2291; x_wconf 84' lang='lat' dir='ltr'><strong>impotentes</strong></span> <span class='ocrx_word' id='word_1_70' title='bbox 807 2210 841 2269; x_wconf 86' lang='lat' dir='ltr'><strong>et</strong></span> <span class='ocrx_word' id='word_1_71' title='bbox 863 2202 1023 2268; x_wconf 78' lang='lat' dir='ltr'><strong>inhabiles</strong></span> <span class='ocrx_word' id='word_1_72' title='bbox 1045 2204 1089 2268; x_wconf 84' lang='lat' dir='ltr'><strong>nd</strong></span> <span class='ocrx_word' id='word_1_73' title='bbox 1120 2203 1336 2290; x_wconf 82' lang='lat' dir='ltr'><strong>pugnandum</strong></span> <span class='ocrx_word' id='word_1_74' title='bbox 1360 2208 1546 2291; x_wconf 83' lang='lat' dir='ltr'><strong>competens</strong></span> 
     </span>
     <span class='ocr_line' id='line_1_11' title="bbox 494 2305 1547 2387; baseline 0.001 -18"><span class='ocrx_word' id='word_1_75' title='bbox 494 2306 677 2371; x_wconf 79' lang='lat' dir='ltr'><strong>subsidium</strong></span> <span class='ocrx_word' id='word_1_76' title='bbox 702 2307 885 2387; x_wconf 85' lang='lat' dir='ltr'><strong>inveniunt,</strong></span> <span class='ocrx_word' id='word_1_77' title='bbox 908 2305 1085 2371; x_wconf 83' lang='lat' dir='ltr'><strong>secundum</strong></span> <span class='ocrx_word' id='word_1_78' title='bbox 1109 2305 1281 2371; x_wconf 77' lang='lat' dir='ltr'><strong>facultates</strong></span> <span class='ocrx_word' id='word_1_79' title='bbox 1313 2311 1347 2372; x_wconf 87' lang='lat' dir='ltr'><strong>et</strong></span> <span class='ocrx_word' id='word_1_80' title='bbox 1369 2306 1457 2371; x_wconf 84' lang='lat' dir='ltr'><strong>bonu</strong></span> <span class='ocrx_word' id='word_1_81' title='bbox 1487 2328 1547 2371; x_wconf 84' lang='lat' dir='ltr'><strong>sun</strong></span> 
     </span>
     <span class='ocr_line' id='line_1_12' title="bbox 495 2408 1547 2495; baseline -0.003 -22"><span class='ocrx_word' id='word_1_82' title='bbox 495 2409 696 2495; x_wconf 82' lang='lat' dir='ltr'><strong>temporalia,</strong></span> <span class='ocrx_word' id='word_1_83' title='bbox 721 2409 916 2493; x_wconf 83' lang='lat' dir='ltr'><strong>ubicumque</strong></span> <span class='ocrx_word' id='word_1_84' title='bbox 950 2408 1080 2473; x_wconf 85' lang='lat' dir='ltr'><strong>fuerint</strong></span> <span class='ocrx_word' id='word_1_85' title='bbox 1128 2408 1173 2472; x_wconf 84' lang='lat' dir='ltr'><strong>Et</strong></span> <span class='ocrx_word' id='word_1_86' title='bbox 1204 2408 1284 2494; x_wconf 80' lang='lat' dir='ltr'><strong>quin</strong></span> <span class='ocrx_word' id='word_1_87' title='bbox 1314 2431 1372 2495; x_wconf 87' lang='lat' dir='ltr'><strong>per</strong></span> <span class='ocrx_word' id='word_1_88' title='bbox 1393 2408 1547 2495; x_wconf 71' lang='lat' dir='ltr'><strong>praelntis</strong></span> 
     </span>
     <span class='ocr_line' id='line_1_13' title="bbox 494 2509 1546 2598; baseline -0.001 -23"><span class='ocrx_word' id='word_1_89' title='bbox 494 2516 529 2575; x_wconf 84' lang='lat' dir='ltr'><strong>et</strong></span> <span class='ocrx_word' id='word_1_90' title='bbox 551 2511 690 2576; x_wconf 84' lang='lat' dir='ltr'><strong>barones</strong></span> <span class='ocrx_word' id='word_1_91' title='bbox 713 2511 753 2575; x_wconf 87' lang='lat' dir='ltr'><strong>de</strong></span> <span class='ocrx_word' id='word_1_92' title='bbox 787 2509 922 2574; x_wconf 87' lang='lat' dir='ltr'><strong>consilio</strong></span> <span class='ocrx_word' id='word_1_93' title='bbox 956 2514 1069 2574; x_wconf 89' lang='lat' dir='ltr'><strong>nostro</strong></span> <span class='ocrx_word' id='word_1_94' title='bbox 1101 2510 1268 2596; x_wconf 87' lang='lat' dir='ltr'><strong>provisum</strong></span> <span class='ocrx_word' id='word_1_95' title='bbox 1300 2515 1351 2576; x_wconf 85' lang='lat' dir='ltr'><strong>eet</strong></span> <span class='ocrx_word' id='word_1_96' title='bbox 1373 2510 1460 2598; x_wconf 92' lang='lat' dir='ltr'><strong>quod</strong></span> <span class='ocrx_word' id='word_1_97' title='bbox 1482 2511 1546 2576; x_wconf 86' lang='lat' dir='ltr'><strong>viri</strong></span> 
     </span>
     <span class='ocr_line' id='line_1_14' title="bbox 494 2612 1547 2699; baseline 0.002 -23"><span class='ocrx_word' id='word_1_98' title='bbox 494 2613 638 2699; x_wconf 77' lang='lat' dir='ltr'><strong>religiosi</strong></span> <span class='ocrx_word' id='word_1_99' title='bbox 661 2613 701 2679; x_wconf 87' lang='lat' dir='ltr'><strong>de</strong></span> <span class='ocrx_word' id='word_1_100' title='bbox 723 2613 865 2678; x_wconf 80' lang='lat' dir='ltr'><strong>ecclesiis</strong></span> <span class='ocrx_word' id='word_1_101' title='bbox 897 2612 965 2677; x_wconf 84' lang='lat' dir='ltr'><strong>suis</strong></span> <span class='ocrx_word' id='word_1_102' title='bbox 988 2634 1068 2699; x_wconf 87' lang='lat' dir='ltr'><strong>quus</strong></span> <span class='ocrx_word' id='word_1_103' title='bbox 1093 2612 1210 2677; x_wconf 81' lang='lat' dir='ltr'><strong>tenent</strong></span> <span class='ocrx_word' id='word_1_104' title='bbox 1232 2612 1268 2677; x_wconf 91' lang='lat' dir='ltr'><strong>in</strong></span> <span class='ocrx_word' id='word_1_105' title='bbox 1291 2613 1437 2698; x_wconf 85' lang='lat' dir='ltr'><strong>proprios</strong></span> <span class='ocrx_word' id='word_1_106' title='bbox 1460 2636 1547 2689; x_wconf 87' lang='lat' dir='ltr'><strong>usus,</strong></span> 
     </span>
     <span class='ocr_line' id='line_1_15' title="bbox 495 2714 1547 2790; baseline -0.002 -11"><span class='ocrx_word' id='word_1_107' title='bbox 495 2724 530 2780; x_wconf 85' lang='lat' dir='ltr'><strong>et</strong></span> <span class='ocrx_word' id='word_1_108' title='bbox 559 2724 701 2781; x_wconf 75' lang='lat' dir='ltr'><strong>meteres</strong></span> <span class='ocrx_word' id='word_1_109' title='bbox 733 2714 948 2790; x_wconf 84' lang='lat' dir='ltr'><strong>eeclesiarum,</strong></span> <span class='ocrx_word' id='word_1_110' title='bbox 983 2736 1020 2779; x_wconf 78' lang='lat' dir='ltr'><strong>ae</strong></span> <span class='ocrx_word' id='word_1_111' title='bbox 1052 2735 1165 2779; x_wconf 89' lang='lat' dir='ltr'><strong>omnes</strong></span> <span class='ocrx_word' id='word_1_112' title='bbox 1198 2715 1256 2779; x_wconf 86' lang='lat' dir='ltr'><strong>ulii</strong></span> <span class='ocrx_word' id='word_1_113' title='bbox 1289 2714 1475 2781; x_wconf 81' lang='lat' dir='ltr'><strong>beneficiati</strong></span> <span class='ocrx_word' id='word_1_114' title='bbox 1506 2716 1547 2781; x_wconf 82' lang='lat' dir='ltr'><strong>do</strong></span> 
     </span>
     <span class='ocr_line' id='line_1_16' title="bbox 495 2808 1547 2884; baseline 0 -1"><span class='ocrx_word' id='word_1_115' title='bbox 495 2818 637 2884; x_wconf 83' lang='lat' dir='ltr'><strong>ecclesiis</strong></span> <span class='ocrx_word' id='word_1_116' title='bbox 660 2841 718 2883; x_wconf 89' lang='lat' dir='ltr'><strong>seu</strong></span> <span class='ocrx_word' id='word_1_117' title='bbox 740 2808 906 2882; x_wconf 70' lang='lat' dir='ltr'><strong>beneficiis</strong></span> <span class='ocrx_word' id='word_1_118' title='bbox 928 2816 996 2881; x_wconf 86' lang='lat' dir='ltr'><strong>suis</strong></span> <span class='ocrx_word' id='word_1_119' title='bbox 1019 2816 1246 2883; x_wconf 79' lang='lat' dir='ltr'><strong>ecclesiasticis</strong></span> <span class='ocrx_word' id='word_1_120' title='bbox 1260 2818 1439 2883; x_wconf 87' lang='lat' dir='ltr'><strong>secundum</strong></span> <span class='ocrx_word' id='word_1_121' title='bbox 1461 2839 1547 2884; x_wconf 87' lang='lat' dir='ltr'><strong>com-</strong></span> 
     </span>
     <span class='ocr_line' id='line_1_17' title="bbox 496 2918 1548 3000; baseline 0.002 -18"><span class='ocrx_word' id='word_1_122' title='bbox 496 2942 627 2985; x_wconf 87' lang='lat' dir='ltr'><strong>munem</strong></span> <span class='ocrx_word' id='word_1_123' title='bbox 650 2920 903 2985; x_wconf 65' lang='lat' dir='ltr'><strong>{estimationem</strong></span> <span class='ocrx_word' id='word_1_124' title='bbox 925 2918 1104 2984; x_wconf 85' lang='lat' dir='ltr'><strong>eorundem</strong></span> <span class='ocrx_word' id='word_1_125' title='bbox 1126 2924 1270 2985; x_wconf 80' lang='lat' dir='ltr'><strong>annates</strong></span> <span class='ocrx_word' id='word_1_126' title='bbox 1291 2920 1471 3000; x_wconf 85' lang='lat' dir='ltr'><strong>invenient,</strong></span> <span class='ocrx_word' id='word_1_127' title='bbox 1495 2920 1548 2985; x_wconf 87' lang='lat' dir='ltr'><strong>vel</strong></span> 
     </span>
     <span class='ocr_line' id='line_1_18' title="bbox 495 3021 1547 3108; baseline 0 -21"><span class='ocrx_word' id='word_1_128' title='bbox 495 3022 678 3087; x_wconf 85' lang='lat' dir='ltr'><strong>subsidium</strong></span> <span class='ocrx_word' id='word_1_129' title='bbox 710 3026 898 3108; x_wconf 83' lang='lat' dir='ltr'><strong>competens</strong></span> <span class='ocrx_word' id='word_1_130' title='bbox 929 3021 1146 3107; x_wconf 77' lang='lat' dir='ltr'><strong>proestnbunt,</strong></span> <span class='ocrx_word' id='word_1_131' title='bbox 1173 3021 1275 3108; x_wconf 82' lang='lat' dir='ltr'><strong>juxta</strong></span> <span class='ocrx_word' id='word_1_132' title='bbox 1306 3022 1547 3088; x_wconf 81' lang='lat' dir='ltr'><strong>ordinationem</strong></span> 
     </span>
     <span class='ocr_line' id='line_1_19' title="bbox 496 3122 1549 3211; baseline 0.001 -22"><span class='ocrx_word' id='word_1_133' title='bbox 496 3124 718 3211; x_wconf 77' lang='lat' dir='ltr'><strong>episcoporum</strong></span> <span class='ocrx_word' id='word_1_134' title='bbox 751 3122 894 3200; x_wconf 79' lang='lat' dir='ltr'><strong>suorum,</strong></span> <span class='ocrx_word' id='word_1_135' title='bbox 918 3123 981 3188; x_wconf 89' lang='lat' dir='ltr'><strong>tibi</strong></span> <span class='ocrx_word' id='word_1_136' title='bbox 1004 3123 1212 3210; x_wconf 82' lang='lat' dir='ltr'><strong>praeoipimus</strong></span> <span class='ocrx_word' id='word_1_137' title='bbox 1235 3124 1324 3210; x_wconf 92' lang='lat' dir='ltr'><strong>quod</strong></span> <span class='ocrx_word' id='word_1_138' title='bbox 1346 3124 1434 3211; x_wconf 86' lang='lat' dir='ltr'><strong>ipsos</strong></span> <span class='ocrx_word' id='word_1_139' title='bbox 1460 3147 1549 3190; x_wconf 83' lang='lat' dir='ltr'><strong>occu·</strong></span> 
     </span>
     <span class='ocr_line' id='line_1_20' title="bbox 496 3224 1547 3313; baseline 0.003 -24"><span class='ocrx_word' id='word_1_140' title='bbox 496 3227 585 3291; x_wconf 89' lang='lat' dir='ltr'><strong>sione</strong></span> <span class='ocrx_word' id='word_1_141' title='bbox 608 3228 768 3313; x_wconf 80' lang='lat' dir='ltr'><strong>prmdictn</strong></span> <span class='ocrx_word' id='word_1_142' title='bbox 791 3249 856 3291; x_wconf 87' lang='lat' dir='ltr'><strong>nou</strong></span> <span class='ocrx_word' id='word_1_143' title='bbox 880 3224 1070 3312; x_wconf 82' lang='lat' dir='ltr'><strong>distringas,</strong></span> <span class='ocrx_word' id='word_1_144' title='bbox 1094 3247 1154 3291; x_wconf 84' lang='lat' dir='ltr'><strong>nec</strong></span> <span class='ocrx_word' id='word_1_145' title='bbox 1176 3231 1210 3290; x_wconf 79' lang='lat' dir='ltr'><strong>te</strong></span> <span class='ocrx_word' id='word_1_146' title='bbox 1233 3225 1310 3292; x_wconf 91' lang='lat' dir='ltr'><strong>inde</strong></span> <span class='ocrx_word' id='word_1_147' title='bbox 1333 3226 1547 3293; x_wconf 74' lang='lat' dir='ltr'><strong>intromittas.</strong></span> 
     </span>
     <span class='ocr_line' id='line_1_21' title="bbox 498 3328 744 3414; baseline 0.012 -23"><span class='ocrx_word' id='word_1_148' title='bbox 498 3328 537 3393; x_wconf 93' lang='lat' dir='ltr'><strong>In</strong></span> <span class='ocrx_word' id='word_1_149' title='bbox 559 3329 660 3414; x_wconf 88' lang='lat' dir='ltr'><strong>cujus,</strong></span> <span class='ocrx_word' id='word_1_150' title='bbox 684 3334 744 3394; x_wconf 83' lang='lat' dir='ltr'><strong>etc.</strong></span> 
     </span>
    </p>

    <p class='ocr_par' dir='ltr' id='par_1_4' title="bbox 498 3430 1548 3618">
     <span class='ocr_line' id='line_1_22' title="bbox 541 3430 1548 3518; baseline 0.001 -23"><span class='ocrx_word' id='word_1_151' title='bbox 541 3432 638 3496; x_wconf 85' lang='lat' dir='ltr'><strong>Teste</strong></span> <span class='ocrx_word' id='word_1_152' title='bbox 661 3454 736 3517; x_wconf 80' lang='lat' dir='ltr'><strong>rege</strong></span> <span class='ocrx_word' id='word_1_153' title='bbox 774 3432 862 3517; x_wconf 88' lang='lat' dir='ltr'><strong>apud</strong></span> <span class='ocrx_word' id='word_1_154' title='bbox 897 3430 1121 3509; x_wconf 79' lang='lat' dir='ltr'><strong>Cantumium,</strong></span> <span class='ocrx_word' id='word_1_155' title='bbox 1162 3431 1315 3498; x_wconf 84' lang='lat' dir='ltr'><strong>vicesimo</strong></span> <span class='ocrx_word' id='word_1_156' title='bbox 1353 3432 1457 3518; x_wconf 84' lang='lat' dir='ltr'><strong>primo</strong></span> <span class='ocrx_word' id='word_1_157' title='bbox 1495 3432 1548 3497; x_wconf 83' lang='lat' dir='ltr'><strong>die</strong></span> 
     </span>
     <span class='ocr_line' id='line_1_23' title="bbox 498 3534 649 3618; baseline 0 -21"><span class='ocrx_word' id='word_1_158' title='bbox 498 3534 649 3618; x_wconf 69' lang='lat' dir='ltr'><strong>Augusti.</strong></span> 
     </span>
    </p>
   </div>
   <div class='ocr_carea' id='block_1_3' title="bbox 931 3879 1118 3947">
    <p class='ocr_par' dir='ltr' id='par_1_5' title="bbox 931 3879 1118 3947">
     <span class='ocr_line' id='line_1_24' title="bbox 931 3879 1118 3947; baseline 0 -3"><span class='ocrx_word' id='word_1_159' title='bbox 931 3879 1118 3947; x_wconf 80' lang='lat' dir='ltr'><strong>ucxxvl.</strong></span> 
     </span>
    </p>
   </div>
   <div class='ocr_carea' id='block_1_4' title="bbox 525 4019 1526 4322">
    <p class='ocr_par' dir='ltr' id='par_1_6' title="bbox 525 4019 1526 4322">
     <span class='ocr_line' id='line_1_25' title="bbox 525 4019 1526 4101; baseline 0.005 -20"><span class='ocrx_word' id='word_1_160' title='bbox 525 4019 726 4097; x_wconf 72' lang='lat' dir='ltr'><strong>tinnulum,</strong></span> <span class='ocrx_word' id='word_1_161' title='bbox 752 4020 933 4084; x_wconf 67' lang='lat' dir='ltr'><strong>(luiturum</strong></span> <span class='ocrx_word' id='word_1_162' title='bbox 956 4038 1000 4084; x_wconf 85' lang='lat' dir='ltr'><strong>on</strong></span> <span class='ocrx_word' id='word_1_163' title='bbox 1024 4021 1210 4085; x_wconf 76' lang='lat' dir='ltr'><strong>qunuus</strong></span> <span class='ocrx_word' id='word_1_164' title='bbox 1232 4036 1305 4085; x_wconf 76' lang='lat' dir='ltr'><strong>nun</strong></span> <span class='ocrx_word' id='word_1_165' title='bbox 1330 4021 1526 4101; x_wconf 73' lang='lat' dir='ltr'><strong>Humum,</strong></span> 
     </span>
     <span class='ocr_line' id='line_1_26' title="bbox 888 4122 1173 4187; baseline 0 0"><span class='ocrx_word' id='word_1_166' title='bbox 888 4140 931 4187; x_wconf 83' lang='lat' dir='ltr'><strong>no</strong></span> <span class='ocrx_word' id='word_1_167' title='bbox 955 4123 1085 4187; x_wconf 78' lang='lat' dir='ltr'><strong>Hmuur</strong></span> <span class='ocrx_word' id='word_1_168' title='bbox 1110 4122 1173 4187; x_wconf 94' lang='grc' dir='ltr'><strong>ΙΙΙ.</strong></span> 
     </span>
     <span class='ocr_line' id='line_1_27' title="bbox 849 4257 1208 4322; baseline -0.008 -14"><span class='ocrx_word' id='word_1_169' title='bbox 849 4257 947 4322; x_wconf 82' lang='lat' dir='ltr'><strong>(Roynl</strong></span> <span class='ocrx_word' id='word_1_170' title='bbox 959 4258 1064 4315; x_wconf 79' lang='lat' dir='ltr'><strong>Letterr,</strong></span> <span class='ocrx_word' id='word_1_171' title='bbox 1077 4258 1126 4308; x_wconf 86' lang='lat' dir='ltr'><strong>No.</strong></span> <span class='ocrx_word' id='word_1_172' title='bbox 1140 4261 1208 4321; x_wconf 79' lang='lat'>1³4.)</span> 
     </span>
    </p>
   </div>
   <div class='ocr_carea' id='block_1_5' title="bbox 500 4367 1685 4865">
    <p class='ocr_par' dir='ltr' id='par_1_7' title="bbox 500 4367 1685 4865">
     <span class='ocr_line' id='line_1_28' title="bbox 545 4367 1685 4457; baseline 0.003 -27"><span class='ocrx_word' id='word_1_173' title='bbox 545 4367 827 4433; x_wconf 80' lang='lat' dir='ltr'><strong>Excellentissimo</strong></span> <span class='ocrx_word' id='word_1_174' title='bbox 866 4371 999 4435; x_wconf 90' lang='lat' dir='ltr'><strong>domino</strong></span> <span class='ocrx_word' id='word_1_175' title='bbox 1045 4392 1105 4435; x_wconf 86' lang='lat' dir='ltr'><strong>suo</strong></span> <span class='ocrx_word' id='word_1_176' title='bbox 1144 4370 1296 4449; x_wconf 70' lang='lat' dir='ltr'><strong>Humido,</strong></span> <span class='ocrx_word' id='word_1_177' title='bbox 1335 4370 1397 4435; x_wconf 88' lang='lat' dir='ltr'><strong>Dei</strong></span> <span class='ocrx_word' id='word_1_178' title='bbox 1442 4370 1685 4457; x_wconf 68' lang='lat' dir='ltr'><strong>gratiatur-³1.</strong></span> 
     </span>
     <span class='ocr_line' id='line_1_29' title="bbox 501 4448 1638 4560; baseline 0.003 -28"><span class='ocrx_word' id='word_1_179' title='bbox 501 4469 720 4536; x_wconf 65' lang='lat' dir='ltr'><strong>illustrissimo</strong></span> <span class='ocrx_word' id='word_1_180' title='bbox 742 4472 811 4557; x_wconf 80' lang='lat' dir='ltr'><strong>regi</strong></span> <span class='ocrx_word' id='word_1_181' title='bbox 837 4473 977 4559; x_wconf 61' lang='lat' dir='ltr'><strong>Anglii»,</strong></span> <span class='ocrx_word' id='word_1_182' title='bbox 1000 4473 1134 4539; x_wconf 88' lang='lat' dir='ltr'><strong>domino</strong></span> <span class='ocrx_word' id='word_1_183' title='bbox 1158 4473 1298 4539; x_wconf 75' lang='lat' dir='ltr'><strong>Iberniw</strong></span> <span class='ocrx_word' id='word_1_184' title='bbox 1313 4480 1348 4539; x_wconf 85' lang='lat' dir='ltr'><strong>ot</strong></span> <span class='ocrx_word' id='word_1_185' title='bbox 1363 4474 1552 4560; x_wconf 78' lang='lat' dir='ltr'><strong>Aquitunim</strong></span> <span class='ocrx_word' id='word_1_186' title='bbox 1567 4448 1638 4491; x_wconf 73' lang='lat'><strong>¹²⁶⁴·</strong></span> 
     </span>
     <span class='ocr_line' id='line_1_30' title="bbox 500 4572 1552 4661; baseline 0.009 -27"><span class='ocrx_word' id='word_1_187' title='bbox 500 4572 585 4650; x_wconf 78' lang='lat' dir='ltr'><strong>(limi,</strong></span> <span class='ocrx_word' id='word_1_188' title='bbox 609 4573 678 4656; x_wconf 81' lang='lat' dir='ltr'><strong>ejus</strong></span> <span class='ocrx_word' id='word_1_189' title='bbox 710 4576 952 4661; x_wconf 79' lang='lat' dir='ltr'><strong>‹mnsunguineu</strong></span> <span class='ocrx_word' id='word_1_190' title='bbox 982 4582 1016 4640; x_wconf 84' lang='lat' dir='ltr'><strong>et</strong></span> <span class='ocrx_word' id='word_1_191' title='bbox 1039 4576 1145 4640; x_wconf 77' lang='lat' dir='ltr'><strong>tidelis</strong></span> <span class='ocrx_word' id='word_1_192' title='bbox 1169 4576 1363 4661; x_wconf 71' lang='lat' dir='ltr'><strong>Margaoeta,</strong></span> <span class='ocrx_word' id='word_1_193' title='bbox 1389 4577 1552 4643; x_wconf 74' lang='lat' dir='ltr'><strong>Flandriru</strong></span> 
     </span>
     <span class='ocr_line' id='line_1_31' title="bbox 500 4674 1552 4759; baseline 0.01 -24"><span class='ocrx_word' id='word_1_194' title='bbox 500 4680 533 4738; x_wconf 85' lang='lat' dir='ltr'><strong>ot</strong></span> <span class='ocrx_word' id='word_1_195' title='bbox 559 4674 745 4759; x_wconf 68' lang='lat' dir='ltr'><strong>llsynoniue</strong></span> <span class='ocrx_word' id='word_1_196' title='bbox 768 4678 942 4755; x_wconf 67' lang='lat' dir='ltr'><strong>comiti-mr,</strong></span> <span class='ocrx_word' id='word_1_197' title='bbox 967 4676 1116 4756; x_wconf 79' lang='lat' dir='ltr'><strong>salutum,</strong></span> <span class='ocrx_word' id='word_1_198' title='bbox 1140 4685 1174 4742; x_wconf 83' lang='lat' dir='ltr'><strong>et</strong></span> <span class='ocrx_word' id='word_1_199' title='bbox 1200 4701 1273 4742; x_wconf 79' lang='lat' dir='ltr'><strong>cum</strong></span> <span class='ocrx_word' id='word_1_200' title='bbox 1307 4679 1395 4743; x_wconf 88' lang='lat' dir='ltr'><strong>omni</strong></span> <span class='ocrx_word' id='word_1_201' title='bbox 1430 4680 1552 4745; x_wconf 82' lang='lat' dir='ltr'><strong>honore</strong></span> 
     </span>
     <span class='ocr_line' id='line_1_32' title="bbox 501 4779 1255 4865; baseline 0.009 -27"><span class='ocrx_word' id='word_1_202' title='bbox 501 4781 535 4838; x_wconf 86' lang='lat' dir='ltr'><strong>et</strong></span> <span class='ocrx_word' id='word_1_203' title='bbox 558 4779 740 4841; x_wconf 80' lang='lat' dir='ltr'><strong>reverentis</strong></span> <span class='ocrx_word' id='word_1_204' title='bbox 765 4779 1059 4865; x_wconf 77' lang='lat' dir='ltr'><strong>promptitudiimm</strong></span> <span class='ocrx_word' id='word_1_205' title='bbox 1083 4780 1255 4845; x_wconf 79' lang='lat' dir='ltr'><strong>serviendi.</strong></span> 
     </span>
    </p>
   </div>
   <div class='ocr_carea' id='block_1_6' title="bbox 546 4876 1687 4969">
    <p class='ocr_par' dir='ltr' id='par_1_8' title="bbox 546 4876 1687 4969">
     <span class='ocr_line' id='line_1_33' title="bbox 546 4876 1687 4969; baseline -0.001 -26"><span class='ocrx_word' id='word_1_206' title='bbox 546 4876 631 4943; x_wconf 87' lang='lat' dir='ltr'><strong>Cum</strong></span> <span class='ocrx_word' id='word_1_207' title='bbox 663 4902 722 4965; x_wconf 89' lang='lat' dir='ltr'><strong>pro</strong></span> <span class='ocrx_word' id='word_1_208' title='bbox 756 4902 794 4945; x_wconf 90' lang='lat' dir='ltr'><strong>eo</strong></span> <span class='ocrx_word' id='word_1_209' title='bbox 825 4882 914 4966; x_wconf 88' lang='lat' dir='ltr'><strong>quod</strong></span> <span class='ocrx_word' id='word_1_210' title='bbox 945 4904 1082 4969; x_wconf 75' lang='lat' dir='ltr'><strong>regnum</strong></span> <span class='ocrx_word' id='word_1_211' title='bbox 1116 4882 1258 4969; x_wconf 72' lang='lat' dir='ltr'><strong>Angliae,</strong></span> <span class='ocrx_word' id='word_1_212' title='bbox 1289 4882 1329 4948; x_wconf 88' lang='lat' dir='ltr'><strong>de</strong></span> <span class='ocrx_word' id='word_1_213' title='bbox 1363 4904 1429 4969; x_wconf 82' lang='lat' dir='ltr'><strong>quo</strong></span> <span class='ocrx_word' id='word_1_214' title='bbox 1460 4883 1687 4949; x_wconf 68' lang='lat' dir='ltr'><strong>‹loloonovuu</strong></span> 
     </span>
    </p>
   </div>
   <div class='ocr_carea' id='block_1_7' title="bbox 500 4959 1722 5076">
    <p class='ocr_par' dir='ltr' id='par_1_9' title="bbox 500 4959 1722 5076">
     <span class='ocr_line' id='line_1_34' title="bbox 500 4959 1722 5076; baseline 0.007 -33"><span class='ocrx_word' id='word_1_215' title='bbox 500 4980 718 5057; x_wconf 78' lang='lat' dir='ltr'><strong>volieriienter,</strong></span> <span class='ocrx_word' id='word_1_216' title='bbox 749 4983 846 5069; x_wconf 78' lang='lat' dir='ltr'><strong>plenu</strong></span> <span class='ocrx_word' id='word_1_217' title='bbox 872 4986 1115 5071; x_wconf 76' lang='lat' dir='ltr'><strong>tiunquillitutu</strong></span> <span class='ocrx_word' id='word_1_218' title='bbox 1148 5007 1214 5049; x_wconf 88' lang='lat' dir='ltr'><strong>non</strong></span> <span class='ocrx_word' id='word_1_219' title='bbox 1245 4985 1368 5073; x_wconf 79' lang='lat' dir='ltr'><strong>gaudet</strong></span> <span class='ocrx_word' id='word_1_220' title='bbox 1399 4986 1441 5050; x_wconf 83' lang='lat' dir='ltr'><strong>ud</strong></span> <span class='ocrx_word' id='word_1_221' title='bbox 1472 4959 1722 5076; x_wconf 49' lang='lat' dir='ltr'><strong>prm-{flffiff</strong></span> 
     </span>
    </p>
   </div>
   <div class='ocr_carea' id='block_1_8' title="bbox 500 5087 1656 5255">
    <p class='ocr_par' dir='ltr' id='par_1_10' title="bbox 500 5087 1656 5255">
     <span class='ocr_line' id='line_1_35' title="bbox 500 5087 1656 5177; baseline 0.013 -36"><span class='ocrx_word' id='word_1_222' title='bbox 500 5104 582 5160; x_wconf 71' lang='lat' dir='ltr'><strong>sons,</strong></span> <span class='ocrx_word' id='word_1_223' title='bbox 599 5090 794 5149; x_wconf 66' lang='lat' dir='ltr'><strong>murmures</strong></span> <span class='ocrx_word' id='word_1_224' title='bbox 818 5087 880 5149; x_wconf 84' lang='lat' dir='ltr'><strong>mei</strong></span> <span class='ocrx_word' id='word_1_225' title='bbox 905 5087 1066 5151; x_wconf 69' lang='lat' dir='ltr'><strong>Flauum·</strong></span> <span class='ocrx_word' id='word_1_226' title='bbox 1090 5088 1266 5154; x_wconf 80' lang='lat' dir='ltr'><strong>coiiiitutus</strong></span> <span class='ocrx_word' id='word_1_227' title='bbox 1289 5088 1376 5153; x_wconf 78' lang='lat' dir='ltr'><strong>lions</strong></span> <span class='ocrx_word' id='word_1_228' title='bbox 1398 5110 1458 5154; x_wconf 82' lang='lat' dir='ltr'><strong>suu</strong></span> <span class='ocrx_word' id='word_1_229' title='bbox 1481 5112 1554 5177; x_wconf 65' lang='lat' dir='ltr'><strong>qun¹</strong></span> <span class='ocrx_word' id='word_1_230' title='bbox 1567 5091 1656 5143; x_wconf 55' lang='grc' dir='ltr'><strong>οδω</strong></span> 
     </span>
     <span class='ocr_line' id='line_1_36' title="bbox 589 5202 1422 5255; baseline 0.008 -7"><span class='ocrx_word' id='word_1_231' title='bbox 589 5202 664 5250; x_wconf 71' lang='lat' dir='ltr'><strong>von</strong></span> <span class='ocrx_word' id='word_1_232' title='bbox 691 5204 726 5250; x_wconf 84' lang='lat'><strong>11.</strong></span> <span class='ocrx_word' id='word_1_233' title='bbox 1405 5211 1422 5255; x_wconf 81' lang='lat' dir='ltr'><strong>s</strong></span> 
     </span>
    </p>
   </div>
   <div class='ocr_carea' id='block_1_9' title="bbox 0 0 2192 6436">
    <p class='ocr_par' dir='ltr' id='par_1_11' title="bbox 0 0 2192 6436">
     <span class='ocr_line' id='line_1_37' title="bbox 0 0 2192 6436; baseline 0 0"><span class='ocrx_word' id='word_1_234' title='bbox 0 0 2192 6436; x_wconf 95' lang='lat' dir='ltr'><strong> </strong></span> 
     </span>
    </p>
   </div>
  </div>
 </body>
</html>
