4350 6442
595 1180 845 1234 rmusrnsnvn
872 1184 916 1235 or
942 1184 1011 1235 um
1038 1185 1147 1237 amor
1171 1187 1215 1237 or
1239 1188 1360 1240 nurus
1387 1191 1439 1242 111.
1504 1177 1546 1243 93

537 1360 624 1442 Quia
641 1361 757 1447 jurata
778 1364 890 1427 vestra
915 1361 1021 1447 primo
1044 1363 1099 1428 die
1123 1370 1257 1451 propter
1287 1366 1452 1432 essonium
1474 1368 1547 1454 capi
1561 1360 1677 1477 Icqnnot

491 1488 558 1532 non
582 1465 694 1553 potuit
727 1464 781 1529 die
803 1464 941 1550 praefixo
963 1465 1058 1531 vobis
1081 1470 1115 1531 et
1149 1468 1238 1553 parti
1262 1474 1388 1549 vestrae,
1420 1493 1546 1537 moram
1560 1431 1695 1546 llio-dhreo

492 1570 574 1635 facio
611 1569 648 1633 in
678 1567 829 1654 partibus
868 1567 1031 1635 Dorsetiae
1067 1592 1172 1656 usque
1211 1571 1253 1635 ad
1293 1572 1381 1639 diem
1408 1575 1547 1639 Veneris
1560 1563 1696 1679 {llfflffflbr

491 1672 674 1760 proximam
713 1660 788 1758 post
838 1671 958 1737 festum
1007 1672 1038 1738 S.
1078 1673 1319 1741 Bar-tholomaei.
1381 1675 1426 1743 Et
1471 1700 1546 1743 cum
1560 1647 1687 1749 cernaii

492 1775 645 1841 dominus
668 1796 726 1840 rex
750 1774 932 1861 scripsisset
963 1775 1045 1840 mihi
1068 1776 1157 1862 quod
1187 1778 1355 1844 mitterem
1378 1779 1408 1843 ei
1442 1800 1547 1845 recor·
1559 1772 1673 1881 {gfff

492 1879 572 1944 dum
604 1879 693 1943 inter
725 1876 941 1943 Godofridum
975 1879 1016 1943 de
1040 1879 1202 1965 Gamages
1234 1885 1268 1946 et
1303 1881 1481 1948 Ricardum
1505 1882 1546 1948 de
1559 1898 1676 1948 landon

493 1980 657 2047 Tunderle
691 1982 732 2046 de
763 1981 936 2047 'l'rewerne
971 1988 1006 2047 et
1039 1982 1080 2047 de
1114 1983 1256 2062 Bokred,
1289 1990 1329 2049 ut
1367 1985 1546 2050 secundum
1560 1964 1687 2016 Thessal

492 2085 575 2151 illud
597 2106 656 2172 per
678 2084 819 2170 aliquem
843 2107 884 2150 ex
907 2084 975 2149 suis
997 2084 1069 2151 fieri
1096 2084 1218 2152 faceret
1251 2086 1328 2152 inde
1360 2088 1546 2174 inquisitio·
1559 2039 1715 2179 1116101111

493 2210 570 2255 nem
601 2189 636 2253 in
660 2187 811 2275 partibus
833 2187 907 2267 illis,
932 2187 1121 2254 discretioni
1146 2194 1265 2255 vestra
1288 2190 1435 2277 significo
1458 2193 1547 2278 quod
1559 2166 1716 2283 {stsffiffh‘

493 2293 571 2379 quia
602 2292 710 2355 iturus
743 2290 792 2355 fui
821 2290 865 2355 ad
898 2294 1008 2378 partes
1042 2291 1241 2377 longinquas
1264 2299 1298 2357 et
1334 2293 1478 2359 diversas
1510 2300 1705 2418 wffiffi

493 2394 698 2483 periculosas,
720 2392 796 2458 misi
825 2392 951 2459 rotulos
973 2413 1190 2480 mensusque
1215 2395 1421 2461 Londoniam
1444 2396 1669 2486 donccwm

493 2500 657 2566 venissem
679 2496 811 2563 ibidem.
854 2496 901 2561 Et
923 2500 963 2560 ut
985 2495 1121 2562 reddam
1136 2519 1196 2563 vos
1219 2499 1381 2577 certiores,
1397 2521 1456 2586 pro
1471 2505 1547 2566 rato

494 2603 643 2669 habentis
662 2600 751 2687 quod
773 2622 832 2687 per
849 2599 1011 2684 judicium
1027 2601 1127 2667 curiae
1143 2600 1266 2666 domini
1289 2604 1374 2688 regis
1389 2610 1547 2670 eteorum

494 2705 674 2793 majoribus
696 2703 843 2769 decuria
865 2725 931 2780 sua,
947 2703 1078 2790 loquela
1100 2702 1184 2769 bene
1199 2704 1307 2770 decisa
1328 2707 1418 2771 inter
1435 2712 1547 2793 partes

494 2832 553 2896 per
590 2808 866 2894 interrogationes
888 2811 923 2871 et
960 2806 1195 2893 responsiones,
1227 2808 1334 2873 omnis
1371 2809 1547 2895 inquisitio

495 2912 584 3000 cepit
606 2911 798 2978 dilationem
821 2909 982 2995 usquein
1006 2908 1176 2995 quindena
1191 2910 1221 2975 S.
1246 2911 1416 2977 Michaelis
1439 2935 1547 2978 coram

495 3015 629 3081 domino
651 3036 736 3101 rege,
759 3013 908 3099 pluribus
930 3012 1123 3093 rationibus,
1147 3014 1211 3079 nisi
1235 3016 1415 3101 anticipare
1437 3016 1548 3080 velitis

495 3120 591 3197 chem,
627 3117 715 3204 quod
749 3117 790 3182 de
816 3115 891 3200 jure
922 3137 991 3180 non
1020 3115 1180 3201 poteritis,
1211 3117 1334 3182 scilicet
1368 3118 1447 3203 quia
1476 3121 1549 3182 tota

495 3221 625 3306 loquela
647 3218 771 3285 recordi
793 3217 883 3282 illius
906 3217 1069 3303 dependet
1092 3219 1133 3283 de
1157 3219 1300 3304 quadam
1322 3220 1425 3283 assisa
1453 3241 1549 3284 novae

496 3323 676 3389 disscisinae
698 3320 853 3408 captain
875 3320 1026 3407 partibus
1049 3319 1124 3396 illis,
1148 3321 1239 3406 cujus
1258 3321 1376 3407 judicii
1398 3322 1549 3387 executio

496 3425 726 3513 qualicumque
749 3424 846 3488 modo
877 3444 935 3510 per
967 3422 1082 3487 brevia
1113 3423 1238 3488 domini
1271 3424 1358 3510 regis
1390 3424 1549 3510 impedito

496 3535 557 3597 cst.
605 3527 650 3594 Et
680 3527 760 3612 quia
788 3548 845 3612 per
875 3531 999 3591 cartam
1030 3547 1130 3611 quam
1165 3524 1312 3613 Rogerus
1343 3527 1383 3591 de
1414 3526 1549 3613 Thorny

497 3631 636 3720 protulit
658 3630 695 3695 in
712 3629 840 3715 judicio
860 3629 1122 3715 praesumebatur
1144 3628 1232 3715 quod
1247 3628 1433 3695 Willelmus
1455 3635 1550 3717 pater

497 3734 646 3822 praedicti
671 3731 839 3797 Godofridi
862 3730 945 3795 nihil
971 3730 1092 3796 habuit
1115 3731 1150 3795 in
1173 3731 1341 3817 praedictis
1363 3733 1468 3809 terris,
1485 3733 1549 3797 nisi

497 3836 539 3901 do
561 3834 662 3900 hallio
685 3834 805 3920 Rogeri
829 3833 884 3898 avi
907 3833 1057 3919 praedicti
1082 3834 1213 3919 Rogeri,
1238 3838 1272 3899 et
1293 3856 1352 3920 pro
1374 3835 1548 3901 voluntate

497 3962 564 4015 sua,
599 3943 634 4004 et
663 3939 712 4003 ita
745 3938 873 4002 nullum
911 3935 1053 4001 liberum
1092 3942 1327 4016 tenementum,
1363 3959 1424 4003 neo
1461 3938 1549 4003 idem

499 4041 696 4107 Godofridus
711 4045 824 4128 postea
838 4038 922 4103 nihil
940 4037 1026 4123 juris
1049 4038 1096 4103 ihi
1119 4038 1245 4117 habuit,
1268 4039 1333 4105 nisi
1356 4041 1439 4105 illud
1462 4042 1550 4126 quod

498 4150 591 4232 pater
631 4166 708 4209 suus
747 4143 872 4220 habuit,
912 4163 971 4206 nec
1013 4147 1203 4207 attornatus
1240 4144 1342 4230 ipsius
1381 4144 1550 4209 Godefridi

497 4247 607 4313 voluit
636 4252 717 4312 tunc
746 4245 916 4311 ostendere
943 4244 1032 4330 quod
1065 4244 1192 4330 aliquid
1212 4245 1300 4331 juris
1329 4246 1392 4311 sihi
1423 4246 1549 4325 habuit,

497 4372 557 4417 uec
580 4349 690 4436 aliquo
715 4349 781 4414 alio
808 4348 905 4413 modo
928 4369 1026 4433 quam
1049 4351 1253 4433 paterenus,
1275 4348 1340 4412 nisi
1370 4348 1550 4435 simplicem

498 4475 612 4518 vocem
650 4474 752 4528 suam,
786 4473 845 4538 per
883 4472 982 4537 quam
1018 4450 1149 4515 dicebat
1181 4451 1269 4537 quod
1300 4451 1410 4516 tenuit
1444 4458 1549 4518 totam

498 4561 621 4621 terram
652 4555 743 4620 illam
775 4554 815 4619 dc
838 4553 970 4619 domino
1000 4576 1077 4640 rege
1107 4554 1143 4617 in
1174 4553 1300 4640 cupite;
1331 4559 1366 4619 et
1397 4554 1551 4620 similiter

498 4659 577 4745 quia
599 4657 687 4723 idem
703 4658 850 4743 Rogerus
863 4656 1060 4743 perquisivit
1082 4657 1183 4721 hreve
1205 4658 1433 4723 conventionis
1455 4680 1551 4745 super

498 4764 605 4849 ipsum
648 4760 860 4826 Godofridum
907 4759 948 4823 dc
994 4764 1067 4823 tota
1113 4763 1202 4824 terra
1248 4761 1406 4846 prardiota
1443 4783 1550 4827 coram

497 4865 632 4930 domiuo
669 4886 753 4950 rego,
800 4868 834 4927 ot
882 4860 1078 4926 Godofridus
1117 4884 1184 4928 non
1222 4864 1324 4940 vonit,
1362 4869 1395 4930 et
1432 4871 1549 4929 uotum

497 4966 622 5032 factum
650 4966 715 5030 fuit
742 4965 840 5030 curiae
875 4963 964 5049 quod
995 4965 1198 5028 consuetudo
1233 4966 1348 5050 patriae
1380 4972 1430 5031 cst
1462 4968 1551 5053 quod

498 5070 639 5155 quilibet
662 5068 748 5133 alter
770 5066 887 5131 debeat
907 5066 1102 5152 respondere
1125 5066 1166 5131 de
1192 5068 1408 5132 conventione
1423 5073 1458 5133 et
1477 5070 1551 5134 aliis
