4350 6442
610 1175 860 1230 mnusrnarivr
882 1178 927 1227 or
948 1177 1018 1227 111
1041 1177 1151 1227 nmen
1173 1178 1218 1226 or
1241 1177 1362 1227 mar
1385 1179 1434 1226 111.
1482 1161 1549 1232 307

542 1351 629 1431 Quia
669 1355 804 1440 negotia
844 1352 968 1417 domini
1010 1355 1076 1418 mei
1107 1353 1279 1433 Ostiensis,
1310 1353 1407 1417 amici
1444 1352 1547 1418 vestri
1560 1358 1626 1409 θίν’(
1636 1374 1677 1408 me

498 1452 665 1534 carissimi,
681 1455 782 1519 nullis
798 1454 865 1519 suis
888 1459 1003 1520 tamen
1017 1456 1058 1521 dc
1080 1478 1145 1541 quo
1166 1457 1188 1521 d
1204 1505 1404 1522 ......
1420 1456 1547 1521 meritis
1559 1427 1701 1543 ifffietsse,

497 1557 758 1640 praecedentibus
785 1556 870 1622 sicut
897 1562 1006 1622 vestra
1031 1558 1165 1644 propria
1192 1559 1228 1621 in
1254 1558 1407 1622 omnibus
1430 1558 1546 1644 geritis
1558 1559 1642 1609 Bruce
1653 1575 1686 1609 01¹

496 1677 555 1742 per
584 1659 745 1738 effectum,
776 1659 820 1723 ad
850 1680 909 1724 vos
939 1680 1070 1724 recurro
1112 1681 1171 1746 pro
1213 1659 1294 1746 ipsis
1323 1660 1359 1723 in
1390 1658 1442 1724 his
1472 1680 1546 1744 quae
1557 1625 1702 1757 fflissflgp

497 1760 680 1844 expediunt
700 1761 910 1827 confidenter.
957 1761 1046 1826 Hinc
1067 1765 1118 1826 est
1145 1761 1234 1847 quod
1256 1784 1330 1826 cum
1355 1761 1487 1826 ecclesia
1505 1759 1675 1826 dedoctis.

496 1860 655 1946 Kerkeby
670 1863 706 1927 in
730 1863 889 1941 Kendale‚
913 1862 1127 1929 Eboracensis
1148 1864 1305 1942 dioecesis,
1329 1868 1428 1951 prout
1452 1885 1473 1926 a
1494 1884 1547 1928 me

495 1985 599 2049 nuper
617 1963 787 2043 didicistis,
814 1966 859 2030 sit
889 1964 1024 2030 domino
1050 1987 1124 2030 mco
1148 1966 1346 2030 auctoritate
1369 1965 1548 2052 apostolica

495 2067 730 2147 commendata,
747 2072 780 2132 ct
795 2066 890 2132 favor
913 2073 947 2132 et
970 2067 1135 2133 auxilium
1156 2067 1283 2132 domini
1299 2066 1390 2131 Petri
1405 2065 1446 2130 de
1461 2066 1547 2131 Brus

494 2168 639 2252 potentis
668 2168 705 2233 in
734 2168 801 2234 illis
829 2169 990 2256 partibus,
1012 2175 1053 2234 ut
1080 2169 1211 2244 dicitur,
1242 2169 1309 2234 sint
1338 2168 1421 2232 mihi
1450 2168 1547 2234 valde

494 2271 675 2335 neccssaria
697 2271 733 2334 in
756 2271 817 2336 hoc
836 2270 932 2349 facto,
957 2270 1106 2357 supplico
1131 2276 1171 2335 ut
1192 2271 1304 2335 literas
1320 2275 1448 2335 vestras
1474 2290 1547 2354 pro·

494 2371 583 2458 prias
613 2372 656 2435 ad
686 2373 794 2458 ipsum
825 2394 900 2438 cum
940 2373 1037 2437 litera
1071 2372 1200 2437 domini
1238 2372 1325 2458 regis
1355 2372 1549 2437 affectuosas

495 2473 642 2550 habeam,
658 2475 746 2558 quod
770 2497 822 2540 me
844 2480 1091 2562 procuratorem
1120 2474 1246 2539 domini
1262 2474 1433 2550 Ostiensis,
1452 2473 1550 2538 amici

494 2575 620 2640 domini
650 2578 736 2663 regis
773 2577 922 2662 specialis
948 2582 982 2641 et
1016 2576 1196 2641 defensuris
1225 2575 1357 2655 assidui,
1390 2575 1548 2662 regnique

496 2678 625 2764 Angliae
648 2679 801 2743 zelatoris
824 2679 988 2765 praecipui,
1013 2679 1099 2744 sicut
1123 2678 1222 2756 scitis,
1239 2678 1360 2743 habeat
1383 2679 1420 2741 in
1444 2679 1547 2744 omni-

495 2779 556 2843 bus
594 2781 720 2844 domini
758 2780 822 2844 mei
860 2781 1003 2867 negotiis
1041 2780 1227 2866 specialiter
1272 2780 1545 2857 commendatum,

494 2882 681 2967 praestando
696 2883 732 2947 in
747 2882 899 2947 omnibus
915 2882 1096 2961 consilium,
1120 2882 1292 2962 auxilium,
1315 2933 1322 2947 .
1346 2934 1353 2949 .
1377 2934 1384 2948 .
1408 2933 1415 2946 .
1446 2905 1546 2959 ‚rem,

494 2989 563 3060 etc,
588 2983 675 3049 sicut
699 2983 886 3070 prudentiae
910 2990 1030 3049 vestrae
1051 2984 1221 3050 videbitur
1247 2984 1408 3069 expedire
1456 2983 1546 3064 Quas

446 3116 454 3131 ·
493 3084 606 3150 literas
644 3085 714 3150 dari
753 3085 889 3161 faciatis,
924 3086 953 3150 si
993 3086 1113 3172 placet,
1149 3085 1283 3150 domino
1318 3085 1467 3150 Jobanni
1506 3085 1546 3150 de

494 3187 683 3273 Kerqueby,
695 3189 735 3253 de
751 3210 816 3273 quo
831 3210 883 3253 me
893 3188 1083 3254 nullatenus
1099 3187 1278 3253 sufficerem
1295 3187 1545 3265 commendar03

493 3312 544 3355 me
575 3291 699 3355 etenim
734 3290 811 3354 fecit
841 3290 979 3355 conduci
1019 3291 1109 3378 apud
1140 3289 1325 3354 Eboracum
1364 3310 1545 3374 persuum

493 3393 661 3478 proprium
692 3394 858 3468 nuntium,
883 3398 917 3456 et
947 3393 1035 3477 quod
1067 3393 1142 3478 plus
1172 3396 1231 3471 est,
1263 3390 1386 3456 nollem
1415 3390 1544 3469 vellem,

493 3516 566 3558 cum
590 3495 657 3558 suis
672 3494 825 3579 expensis
840 3493 981 3579 propriis
1002 3493 1201 3579 ubicumque
1225 3493 1394 3579 negotium
1420 3492 1545 3557 domini

493 3597 566 3674 mei,
598 3595 686 3681 quod
723 3595 788 3659 sibi
827 3596 864 3658 in
893 3595 984 3660 curia
1023 3595 1150 3660 domini
1188 3595 1275 3680 regis
1304 3595 1545 3680 procurandum

493 3698 649 3763 commisi.
696 3697 831 3762 Habeat
855 3697 1072 3762 nibilominus
1100 3702 1212 3762 vestra
1231 3697 1413 3762 reverenda
1438 3705 1546 3785 pater·

493 3802 590 3876 nitas,
623 3822 683 3864 suo
707 3800 778 3864 loco
808 3805 842 3863 et
875 3805 1030 3886 tempore,
1063 3799 1149 3864 sicut
1182 3799 1347 3864 habuistis
1376 3800 1545 3880 hactenus,

492 3903 758 3967 commendatum
794 3902 822 3964 si
855 3902 982 3987 placeat
1021 3923 1079 3987 per
1117 3901 1278 3979 effectum,
1319 3901 1545 3987 praecipientes

491 4004 573 4067 mihi
596 4009 706 4069 vestro
730 4003 855 4082 clerico,
885 4003 962 4067 licet
987 4003 1111 4083 inutili,
1143 4003 1300 4090 quicquid
1324 4003 1544 4088 perfecturum

491 4106 586 4170 vobis
611 4105 773 4193 pbreuerit
794 4105 1001 4191 ubicumque.
1022 4144 1026 4155 ·

536 4207 661 4270 Datum
686 4207 774 4292 apud
799 4206 1006 4286 Olarekourt,
1031 4206 1085 4272 die
1109 4205 1263 4272 Mercurii
1285 4206 1322 4271 11
1343 4205 1487 4272 crastino
1510 4205 1544 4272 S.

492 4309 635 4373 Andreae
659 4308 809 4394 apostoli.

536 4409 712 4476 Indorsed.
760 4410 954 4476 Reverendo
977 4409 1065 4498 patri
1091 4410 1224 4475 domino
1247 4410 1397 4496 episcopo
1422 4409 1532 4475 Batho

471 4550 475 4557 ·
491 4512 605 4577 niensi.
