4350 6442
618 1133 869 1183 ltnusrmlvu
890 1134 935 1183 OF
956 1134 1028 1183 THE
1049 1135 1157 1184 mou
1181 1135 1224 1186 OF
1248 1136 1368 1185 HENRY
1391 1138 1442 1185 111.
1515 1126 1556 1184 45

487 1318 737 1401 barunitanae,
752 1320 942 1409 frequenter
957 1323 1118 1402 existunt,
1135 1324 1223 1409 quod
1239 1324 1274 1388 in
1287 1323 1375 1411 ipsos
1391 1325 1554 1391 malitiose

491 1422 630 1510 poterit
661 1425 850 1511 praevalere,
874 1430 908 1489 et
942 1424 984 1489 iia
1016 1425 1138 1490 damna
1172 1432 1206 1491 et
1239 1427 1383 1514 pericula
1416 1427 1559 1514 plurima

493 1524 711 1608 machinam
740 1532 878 1593 tantum
892 1527 999 1592 nostri
1021 1528 1130 1615 gratia
1145 1551 1203 1615 pro
1226 1530 1321 1595 nobis
1337 1530 1374 1593 in
1388 1530 1450 1594 hae
1464 1537 1556 1617 parte

492 1628 578 1693 fieri
601 1629 834 1717 praecipientes,
858 1629 948 1716 quod
970 1629 1052 1696 dicti
1083 1632 1190 1697 nostri
1213 1639 1408 1700 mercatores
1430 1638 1559 1698 nostras

493 1730 570 1795 sibi
601 1732 689 1817 apud
714 1754 776 1798 vos
802 1753 913 1819 preces
936 1733 1106 1820 gaudeant
1129 1733 1282 1815 valuisse,
1306 1742 1340 1801 et
1372 1757 1433 1800 nos
1464 1736 1558 1800 vobis

496 1836 642 1919 propter
661 1833 722 1900 hoo
744 1834 898 1902 obnoxiae
920 1840 1100 1900 teneamur.

549 1934 678 2001 Datum
702 1937 831 2018 Insulis,
854 1960 942 2003 anno
965 1938 1101 2003 Domini
1131 1937 1305 2004 millesimo
1336 1938 1558 2005 ducentesimo

499 2036 754 2125 quadragesimo
776 2047 880 2118 aext0,
894 2040 975 2106 feria
996 2041 1098 2106 tertia
1120 2045 1195 2127 post
1210 2040 1329 2105 festum
1346 2041 1381 2106 B.
1398 2041 1557 2108 Nioholai.

954 2583 1103 2650 OCOCL.

593 2760 997 2828 nominitamus
1021 2781 1067 2827 na
1091 2763 1199 2837 Gnar,
1223 2763 1245 2827 J
1249 2778 1408 2827 uaricum
1432 2778 1476 2824 or

948 2866 1118 2931 Onusam.

850 3013 946 3078 (Royal
957 3012 1062 3073 Lattara,
1075 3013 1124 3063 No.
1137 3015 1208 3077 437.)

553 3138 724 3216 Henrioua
747 3139 811 3205 Dei
833 3141 942 3227 gratia
963 3163 1023 3206 rex
1045 3141 1186 3227 Anglirn,
1203 3139 1356 3203 dominus
1373 3138 1555 3213 Hiberniae,
1572 3157 1657 3206 About

504 3240 577 3304 dux
623 3242 844 3319 Normanniae,
882 3243 1082 3328 Aquitaniae,
1122 3247 1156 3307 et
1202 3262 1307 3305 comes
1345 3239 1557 3326 Andagarim,
1572 3226 1651 3273 '²⁴⁰³

506 3342 629 3409 dilecto
655 3351 689 3410 ot
719 3344 809 3409 fideli
840 3366 898 3410 suo
922 3345 1072 3409 «Iohanni
1105 3344 1146 3410 de
1171 3343 1269 3429 Grey,
1288 3341 1476 3427 justiciario
1497 3363 1557 3406 suo

507 3445 652 3512 Cestriae.

554 3550 751 3615 Mandamus
784 3550 879 3615 vobis
913 3550 1002 3636 quod
1036 3548 1175 3614 ballium
1207 3549 1293 3614 cirea
1318 3552 1461 3613 castrum
1485 3568 1559 3611 nos·
1572 3569 1680 3633 nepuee

507 3656 597 3717 trum
635 3652 782 3731 Costriae,
820 3652 909 3738 quod
942 3653 1089 3717 clausum
1119 3652 1184 3717 fuit
1221 3652 1306 3737 palo,
1337 3657 1446 3715 amoto
1484 3650 1559 3737 palo
1572 3636 1726 3753 “Rifflffl

508 3753 566 3817 illo
588 3754 697 3819 claudi
720 3753 849 3819 faciatis
873 3754 959 3819 calce
983 3760 1016 3818 et
1038 3759 1154 3841 petra3
1185 3758 1219 3818 et
1244 3754 1398 3819 similiter
1420 3753 1557 3817 ballium
1571 3719 1652 3819 &aad

506 3856 593 3920 eirea
622 3862 766 3921 castrum
796 3861 945 3921 nostrum
977 3856 1017 3921 de
1041 3856 1188 3934 Dissard,
1211 3855 1269 3920 ubi
1296 3877 1424 3921 neeesse
1447 3856 1557 3932 suerit,
1572 3837 1725 3951 fissssfffih

507 3959 652 4045 reparari
683 3959 819 4024 faciatis
865 3957 911 4022 Et
945 3964 1075 4024 austum
1111 3959 1199 4044 qnod
1228 3959 1270 4023 nd
1301 3958 1361 4023 hoo
1383 3957 1558 4043 posueritis
1571 3970 1711 4046 sansana

508 4062 697 4147 pervisum
731 4071 766 4127 et
800 4062 1027 4127 testimonium
1051 4061 1207 4148 legalium
1232 4060 1403 4126 hominum
1427 4034 1716 4144 compu-repastum

509 4170 600 4229 tetur
621 4166 717 4230 vobis
740 4166 782 4230 ad
805 4164 1010 4230 Ssssteearium.
1057 4165 1162 4241 Teste,
1186 4170 1245 4230 etc·
1571 4104 1596 4151 ot
1611 4102 1724 4150 Drusurd.

513 4371 700 4383 ’-“--
715 4378 917 4387 -··-··----·---·
926 4380 969 4387 --·
982 4382 1001 4387 .-
1016 4382 1030 4387 .-
1054 4381 1062 4387 -
1077 4381 1096 4387 ..
1111 4382 1114 4386 -
1128 4381 1133 4387 .
1158 4381 1168 4386 ,.
1179 4375 1543 4387 ..-.·----·--·.-—-·——---—-

587 4518 634 4568 Ser
645 4520 709 4571 Exc.
721 4537 735 4571 e
746 4522 804 4573 not.
816 4525 882 4586 Fin,
894 4525 910 4577 i.
920 4542 944 4590 p.
956 4531 1014 4587 453,
1025 4526 1117 4590 quoted
1127 4527 1162 4589 by
1173 4524 1244 4584 Foss,
1256 4525 1275 4574 J
1276 4524 1361 4587 udgos,
1373 4522 1398 4572 ii.
1411 4539 1434 4588 p.
1447 4529 1504 4571 nat.
